2594 4576
165 238 205 299 20
642 236 763 289 Pnavrr
1090 253 1135 302 11,
1144 253 1248 296 ree-eae

207 413 301 473 Meno.
332 409 419 483 Quid,
435 409 555 469 domum
571 404 721 466 vostram?
773 408 837 469 Sos.
867 407 909 467 lta
925 408 1004 467 enim
1020 425 1101 468 vero.
1152 407 1248 468 Mune.

514 493 594 563 Quin
611 510 687 569 quae
702 491 800 553 dixisti
814 492 903 553 modo
1074 511 1076 515 ·
1205 502 1249 553 410

211 580 309 642 omnia
324 579 499 640 ementitus:
516 577 653 655 equidem
669 576 753 637 Sosia
767 577 993 656 Amphitruonis
1009 595 1084 638 sum.

210 684 279 727 nam
295 674 387 725 noctu
402 663 456 722 hao
471 661 595 723 solutast
610 660 692 722 naris
707 670 809 723 nostra
825 681 840 722 e
854 671 945 742 portu
960 662 1090 734 Persico,
1108 698 1113 708 ·

209 759 239 812 et
254 748 305 812 ubi
320 749 436 809 Pterela
451 767 503 808 rex
517 747 651 826 regnarit
666 747 807 826 oppidum
823 747 1065 829 expugnavimus,

211 844 240 895 et
254 833 387 913 legiones
401 832 597 893 Teloboarum
612 832 641 891 ri
656 831 817 910 pugnando
833 831 975 910 cepimus,

211 927 241 980 et
255 919 337 998 ipsus
349 917 524 996 Amphitruo
538 916 725 996 optruncavit
737 935 836 996 rogem
851 916 995 976 Pterelam
1010 915 1041 975 in
1053 913 1181 995 proelio.
1203 924 1249 975 410

210 1004 274 1065 Sos.
315 1002 441 1081 Egomet
461 1002 532 1062 mihi
554 1021 616 1062 uon
639 1001 743 1073 credo,
771 1020 861 1080 quom
882 1001 965 1061 illaec
988 1008 1145 1061 autumare
1165 1000 1249 1062 illum

518 1087 614 1147 audio.

210 1173 260 1233 hio
272 1170 392 1250 quidem
404 1179 485 1232 certe
498 1190 573 1251 quae
585 1170 644 1230 illio
655 1179 726 1231 suut
737 1189 785 1231 res
796 1179 894 1247 gestae
905 1177 1050 1230 memorat
1065 1170 1251 1232 memoriter,

212 1257 264 1318 sed
280 1257 351 1335 quid
365 1255 430 1318 ais?
446 1256 517 1335 quid
531 1255 742 1334 Amphitruoni
759 1255 850 1332 [doni]
865 1273 881 1314 a
896 1253 1033 1315 Telebois
1048 1253 1203 1316 datumst?

212 1342 308 1403 Mune.
339 1341 454 1402 Pterela
469 1360 521 1401 rex
538 1341 589 1419 qui
604 1340 730 1419 potitare
745 1340 848 1401 solitus
863 1347 907 1400 est
922 1348 1022 1418 patera
1038 1357 1137 1401 aurea.

213 1427 278 1487 Sos.
294 1426 460 1488 Elocutust.
487 1434 516 1486 et
526 1425 578 1486 nbi
593 1433 694 1505 patera
707 1443 788 1485 nunc
800 1423 884 1486 east‘l
914 1423 1008 1484 Mnuc.
1024 1424 1058 1484 ln
1070 1424 1193 1499 cistula;
1209 1435 1255 1485 420

212 1511 438 1590 Amphitruonis
453 1510 606 1589 obsignata
622 1511 745 1589 signost.
783 1510 846 1571 Sos.
870 1509 954 1588 Signi
970 1508 1017 1570 dic
1032 1508 1103 1586 quid
1118 1507 1186 1572 est‘l

212 1596 308 1656 Mene.
330 1595 402 1656 Cum
417 1595 565 1674 quadrigis
576 1594 628 1656 Sol
640 1595 786 1656 exoriens.
817 1594 888 1672 quid
900 1613 947 1653 me
960 1601 1069 1673 captas,
1082 1593 1254 1656 carnufex‘l

214 1682 277 1742 Sos.
310 1681 501 1760 Argumentis
515 1680 592 1741 vicit.
623 1680 702 1740 aliud
718 1698 828 1740 nomen
845 1680 1081 1758 quaerundumst
1094 1678 1179 1739 mihi.

214 1766 316 1826 nescio
333 1766 413 1826 unde
424 1766 498 1826 haec
510 1765 558 1826 hio
570 1764 720 1843 spectavit.
749 1765 806 1825 iam
822 1782 878 1841 ego
889 1764 971 1824 hunc
982 1763 1126 1843 decipiam
1139 1763 1256 1843 probe;

215 1868 283 1910 nam
298 1848 378 1926 quod
394 1857 511 1929 egomet
525 1849 606 1910 solus
620 1849 691 1923 leoi,
715 1868 771 1909 nee
788 1849 943 1927 quisquam
958 1849 1032 1909 alius
1046 1849 1149 1922 adluit,
1210 1860 1256 1910 420

215 1935 246 1995 in
263 1933 443 2007 tabernaclo,
459 1934 488 1993 id
504 1933 622 2011 quidem
638 1933 725 1994 hodie
741 1950 904 2011 numquam
919 1934 1029 2013 poterit
1045 1933 1154 1994 dicere.
1179 1969 1224 1979 -

216 2019 241 2080 si
257 2027 290 2079 tu
306 2018 389 2080 Sosia
404 2037 445 2094 es,
461 2018 594 2097 legiones
610 2036 698 2097 quom
715 2017 889 2096 pugnabant
903 2037 1048 2094 maxume,

174 2124 176 2128 ³
217 2104 287 2183 quid
302 2103 333 2164 in
348 2103 518 2165 tabernaclo
534 2101 653 2165 iecisti?
684 2103 778 2164 victus
794 2122 868 2177 sum,
885 2103 909 2164 si
925 2103 1043 2164 dixeris.
1113 2139 1117 2150 ι

215 2188 310 2249 Mnuc.
333 2189 428 2251 Cadus
440 2189 587 2250 eratvini:
604 2189 673 2250 inde
685 2188 801 2268 implevi
813 2188 958 2253 hirneam.
992 2188 1057 2249 Sos.
1079 2186 1256 2265 Ingressust

295 2322 298 2327 ,
521 2292 605 2333 uam.

215 2357 309 2418 Meno.
339 2358 413 2418 Eam
431 2376 496 2436 ego,
512 2367 546 2418 ut
559 2365 653 2419 matre
667 2359 763 2418 fuerat
778 2365 890 2431 natum,
905 2355 966 2415 vini
981 2356 1067 2416 eduxi
1083 2357 1170 2417 meri.
1210 2368 1256 2419 400

218 2443 282 2503 Sos.
312 2442 384 2503 Mira
400 2450 471 2503 sunt
486 2442 543 2502 nisi
557 2443 643 2501 latuit
657 2442 738 2503 intus
753 2442 811 2502 illio
827 2443 857 2502 in
874 2442 941 2502 illac
956 2441 1069 2502 hirnea.

217 2528 355 2587 factumst
369 2526 450 2599 illud,
465 2535 499 2588 ut
514 2545 569 2605 ego
585 2526 643 2586 illio
658 2526 718 2586 vini
733 2527 869 2587 hirneam
883 2525 1028 2587 ebiberim
1043 2526 1126 2586 meri.

216 2610 312 2672 Mune.
342 2610 419 2681 Quid
435 2609 540 2672 nunc?
554 2610 663 2671 vincon
680 2612 870 2690 argumentis,
885 2619 914 2672 te
931 2630 992 2671 non
1009 2629 1073 2673 esse
1088 2610 1230 2672 Sosiam?

217 2695 281 2756 Sos.
313 2695 358 2756 Tu
380 2713 471 2774 negas
490 2697 557 2756 med
581 2694 667 2757 esse‘l
711 2698 804 2756 Mene.
836 2696 914 2767 Quid
936 2713 991 2773 ego
1008 2695 1039 2757 ni
1055 2713 1180 2774 negem,
1201 2698 1256 2775 qui

258 2823 261 2827 .
524 2789 641 2861 egomet
655 2780 749 2843 siem?
1067 2779 1068 2783 ’

218 2863 283 2923 Sos.
312 2864 370 2924 Per
384 2864 481 2924 lovem
497 2865 562 2926 iuro
578 2867 645 2926 med
661 2885 725 2928 esse
741 2885 838 2944 neque
854 2884 901 2925 me
916 2865 1021 2925 salsum
1037 2864 1145 2926 dicere.
1210 2877 1257 2927 400

217 2948 312 3007 Meae.
335 2949 372 3008 lt
384 2968 439 3028 ego
449 2968 504 3028 per
515 2950 694 3012 Mercurium
707 2952 782 3026 iuro,
793 2951 847 3011 tibi
858 2950 955 3011 lovem
968 2969 1028 3011 non
1042 2951 1183 3012 credere:

219 3050 288 3092 uam
304 3033 433 3095 iniurato
449 3035 510 3094 scio
526 3035 594 3113 plus
609 3037 711 3097 credet
725 3036 797 3096 mihi
813 3053 898 3113 quam
915 3035 1011 3095 iurato
1027 3034 1090 3094 tibi.

219 3115 283 3177 Sos.
314 3116 387 3187 Quis
403 3137 458 3197 ego
473 3138 538 3179 sum
555 3121 669 3194 saltem,
684 3121 710 3182 si
726 3139 786 3182 non
803 3139 869 3182 sum
885 3117 991 3181 Sosia?
1005 3127 1035 3179 te
1050 3120 1217 3200 interrogo.

176 3243 238 3250 —.—
246 3245 257 3249 -
302 3246 317 3250 ...
328 3245 442 3253 .—..--.—-„
450 3247 479 3251 --.

261 3301 311 3352 410
330 3298 416 3366 quid.
435 3304 547 3352 nostram
565 3302 590 3352 Ε
687 3304 737 3353 412
756 3301 870 3368 persiceo
889 3300 940 3351 DE
1041 3303 1092 3353 414
1109 3300 1257 3357 occidimus

179 3367 303 3419 Gertziue
319 3367 460 3434 (coepimus
477 3368 561 3433 ΒΕΕ)
642 3372 691 3420 417
709 3369 748 3419 1111
765 3368 790 3419 Ε
869 3371 920 3421 418
939 3367 1115 3434 amphitrionis
1133 3368 1170 3418 ΕΙ

178 3434 257 3498 [doni]
277 3434 418 3500 Veet'ugiue
436 3435 513 3500 (dono
532 3442 594 3488 oute
612 3436 724 3489 datumst
741 3436 887 3503 deutlea'ue)
982 3439 1032 3489 420
1050 3436 1185 3488 *elocutus
1204 3443 1256 3493 eet.

175 3504 221 3554 ubi
246 3507 335 3570 patera
359 3519 427 3555 nunc
445 3507 484 3555 est
507 3506 583 3558 codd.
602 3506 642 3569 (ea
660 3508 747 3571 petere
766 3504 893 3572 Pyladea,
917 3519 947 3556 ea
969 3507 1010 3556 est
1026 3504 1148 3570 Bothiur)

177 3573 228 3623 423
247 3572 327 3622 vincit
343 3571 368 3622 Ε
442 3572 599 3638 querendum
617 3577 657 3624 est
674 3574 730 3636 ΒΕ,
750 3573 908 3640 querendum
926 3572 952 3622 D
1029 3574 1080 3624 424
1096 3571 1257 3639 *aucuperit

176 3640 236 3690 426.
255 3641 305 3692 428
323 3639 488 3691 tabernaculo
505 3640 529 3690 B
648 3643 699 3693 429
719 3642 772 3703 [101]
791 3640 844 3692 viui
862 3640 1007 3692 Muellerus
1129 3655 1254 3707 cyrneam

176 3704 283 3755 Nouius
301 3711 415 3758 testetur
491 3707 622 3774 ingressus
639 3711 669 3760 tu
686 3709 736 3759 iarn
754 3709 811 3770 BD,
830 3710 960 3775 ingressus
978 3708 1029 3758 iam
1046 3708 1078 3770 Ε,
1097 3723 1168 3759 corr.
1186 3711 1255 3762 Plus

178 3773 228 3823 430
246 3773 299 3823 viui
319 3775 373 3838 [ibi]
392 3775 534 3826 Muellerus
636 3775 755 3827 edueraru
778 3777 814 3827 eri
832 3777 880 3841 De,
904 3775 1024 3828 edueram
1047 3776 1109 3827 meri
1126 3773 1164 3824 I)b

176 3841 225 3890 431
241 3844 305 3904 post
323 3843 372 3894 432
390 3843 439 3893 BD
536 3843 699 3896 4321001010
718 3845 806 3907 estB‚
825 3843 920 3896 lactum
939 3845 990 3895 DE
1089 3845 1141 3896 434
1159 3858 1199 3895 rue
1218 3843 1251 3897 de

174 3920 233 3958 esse
252 3907 336 3958 BDE*
413 3913 462 3963 435
480 3925 521 3962 me
539 3910 571 3963 de
589 3926 646 3963 esse
664 3912 715 3962 ΕΕ
790 3914 840 3964 431
859 3912 951 3975 iureto]
970 3912 1059 3964 iurato
1077 3912 1121 3977 13¹,
1139 3913 1194 3964 iura
1212 3913 1251 3963 12¹

175 3976 225 4027 438
244 3975 289 4038 [id]
309 3981 333 4028 te
351 3977 496 4030 Muellerus
