2594 4576
19 239 59 299 12
496 239 615 293 Punvrt
658 288 661 292 ,
973 257 1012 308 11,
1020 259 1136 301 as-rs-

20 416 45 476 si
60 413 125 474 sine
138 412 166 473 vi
182 419 211 473 et
226 413 290 474 sine
305 413 383 474 bello
398 413 489 474 velint
551 421 634 492 rapta
650 420 679 473 et
694 419 829 492 raptores
843 412 971 487 tradere,

21 499 46 561 si
62 515 136 576 qnae
151 506 353 575 asportassent
367 498 533 569 redderent,
589 517 621 559 se
636 497 797 559 exercitum
813 498 961 577 extemplo
977 499 1098 560 domum

21 583 223 654 reducturum,
239 582 373 644 abiturus
388 601 459 661 agro
518 583 650 661 Argivos,
665 601 768 661 pacem
784 590 872 661 atque
888 583 982 644 otium

22 669 92 729 dare
107 667 179 741 illis;
195 667 241 727 sin
257 667 341 727 aliter
356 667 433 727 sient
490 667 609 727 animati
625 686 722 747 neque
738 668 810 728 dent
825 686 899 746 quae
914 676 1005 747 petat,

22 771 86 814 sese
101 752 191 831 igitur
205 768 319 812 summa
333 752 359 812 vi
375 750 504 830 virisque
520 771 622 814 eorum
639 752 782 832 oppidum
797 771 1029 832 oppugnassere.
1056 764 1099 814 210

20 839 94 898 baec
109 836 161 899 ubi
177 834 314 896 Telebois
329 837 433 897 ordine
491 837 636 897 iterarunt
651 855 726 916 quos
741 839 925 917 praefecerat

22 921 209 1001 Amphitruo,
224 921 406 999 magnanimi
419 920 474 982 viri
532 922 600 982 freti
613 922 721 983 virtute
736 930 766 983 et
779 921 892 984 viribus

23 1005 150 1086 superbe
168 1005 254 1066 nimis
269 1006 409 1067 ferociter
465 1006 579 1085 legatos
594 1014 712 1068 nostros
726 1007 894 1086 increpant,

24 1089 209 1170 respondent
224 1089 302 1151 bello
318 1109 349 1152 se
365 1099 395 1153 et
409 1110 479 1152 suos
536 1091 626 1152 tutari
641 1110 738 1172 posse,
754 1092 880 1171 proinde
895 1092 940 1152 uti

22 1182 200 1255 properaret
212 1175 250 1236 de
264 1176 326 1237 suis
340 1175 451 1237 finibus
509 1176 656 1237 exercitus
670 1176 826 1237 deducere.
1056 1185 1100 1236 215

24 1261 97 1321 haec
112 1260 163 1321 ubi
178 1260 265 1338 legati
281 1261 440 1339 pertulere,
455 1260 631 1340 Amphitruo
648 1257 688 1343 [e]
704 1261 808 1323 castris
823 1261 891 1321 ilico

24 1344 163 1424 producit
178 1363 298 1406 omnem
313 1345 484 1405 exercitum.
529 1345 676 1406 Teleboae
691 1353 795 1407 contra
810 1365 847 1407 ex
862 1344 972 1425 oppido

23 1429 157 1509 legiones
179 1428 311 1490 educunt
332 1447 401 1490 suas
437 1429 524 1501 nimjs
546 1430 658 1508 pulcris
679 1431 769 1492 armis
790 1429 946 1510 praeditas.

109 1519 267 1593 postquam
288 1513 439 1592 utrimque
463 1514 600 1575 oxitumst
622 1519 758 1577 mosoma
780 1515 873 1595 copia,

110 1599 257 1678 dispertiti
278 1599 342 1672 viri,
364 1598 511 1678 dispertiti
534 1599 662 1674 ordines,
1056 1609 1102 1659 22)

112 1702 167 1745 nos
190 1692 306 1746 nostras
328 1702 412 1746 more
435 1692 537 1745 nostro
561 1693 590 1745 ct
612 1685 699 1746 modo
722 1684 917 1746 instruximus

26 1767 168 1847 legiones,
190 1768 262 1829 item
282 1768 384 1830 hostes
406 1777 509 1830 contra
531 1769 663 1847 legiones
685 1787 753 1832 suas
775 1773 935 1831 instruont.

67 1852 175 1914 deinde
197 1852 316 1931 utrique
339 1857 532 1931 imperatores
553 1854 584 1914 in
608 1854 738 1915 modium
761 1857 879 1928 oxeunt,

112 1940 194 1998 entra
215 1937 334 1998 turbam
356 1937 493 1998 ordinum
515 1937 727 2017 colloquentur
748 1937 844 2000 simul.

112 2022 260 2096 convenit,
281 2022 350 2082 victi
371 2021 432 2083 utri
454 2022 514 2083 sint
536 2040 571 2083 eo
595 2023 720 2102 proelio,
831 2029 836 2034 '
1057 2031 1104 2081 tto

111 2105 216 2168 urbem
239 2124 344 2184 agrum
365 2125 431 2168 aras
452 2108 534 2169 locos
556 2108 713 2186 sequenti
735 2107 885 2169 dederent.

110 2200 269 2271 postquam
291 2192 322 2253 id
344 2200 478 2268 actumst,
500 2192 589 2254 tubae
611 2201 715 2254 contra
736 2193 887 2271 utrimque
910 2198 1068 2264 occanunt,

96 2287 258 2338 consonat
279 2285 367 2351 terra,
391 2278 548 2339 clamorem
570 2279 721 2355 utrimque
744 2278 881 2338 ederunt.

112 2361 274 2441 imperator
294 2361 443 2440 utrimque
465 2361 536 2421 binc
559 2370 589 2421 et
611 2362 692 2421 illinc
714 2360 775 2420 lovi

111 2454 177 2506 vota
199 2446 361 2523 suscipere,
384 2445 554 2523 [utrimque]
576 2444 690 2506 hortari
711 2445 883 2506 exercitum.
1057 2453 1105 2505 230

112 2532 195 2606 [tum]
217 2548 273 2609 pro
296 2548 328 2590 se
350 2528 476 2608 quisque
498 2529 528 2589 id
550 2529 630 2608 quod
652 2529 777 2609 quisque
799 2538 898 2609 potest
919 2536 950 2589 et
970 2527 1046 2590 valet

104 2615 181 2689 edit,
203 2615 283 2675 lerro
304 2614 382 2688 ferit,
404 2614 462 2674 tela
483 2615 635 2692 frangunt,
658 2614 728 2676 boat

71 2699 185 2760 ceolum
206 2699 326 2760 iremitu
347 2699 452 2773 virum,
475 2717 509 2760 ex
532 2699 638 2779 spiritu
659 2707 748 2779 atque
765 2699 898 2760 anholitu

114 2968 162 3019 207
182 2981 246 3033 quas
264 2967 299 3018 13¹
384 2966 490 3019 reddere
508 2967 543 3020 13²
559 2967 741 3034 (asportassint
758 2967 954 3031 Fleckeiamue)
1039 2963 1062 3016 sl
1080 2965 1105 3015 B

27 3036 77 3088 208
95 3037 163 3084 mire
180 3036 299 3100 Argivos
315 3039 462 3100 nuncupat,
479 3039 558 3101 quasi
574 3037 674 3086 Heleno
686 3053 702 3086 a
718 3034 843 3086 Troiano
857 3038 1002 3100 peecatum·
1018 3031 1056 3094 cs.
1066 3031 1105 3085 98

27 3103 78 3155 209
100 3105 190 3168 petant
206 3103 232 3153 D
256 3101 361 3153 Nonius
463 3105 512 3156 210
531 3102 652 3171 oppidum
677 3116 868 3168 oppugnassere
893 3101 1103 3162 Lindemannus]

26 3184 90 3288 ⁰¹³3,
106 3171 710 3306 21132111212111222
725 3170 781 3234 '³¹³’
798 3169 1029 3303 2221112
1046 3166 1104 3220 n,-

28 3307 79 3360 tto
95 3278 221 3373 ipropere
239 3306 315 3358 codd.
384 3307 524 3359 exereitum
541 3307 715 3358 bondonetus
784 3303 955 3357 *deducerent
973 3304 1048 3356 codd

27 3375 77 3425 216
102 3377 134 3437 [e]
154 3391 169 3430 ς
288 3376 336 3426 217
361 3372 489 3426 Teleboae
513 3378 601 3427 contra
623 3373 765 3440 Bergoout]
790 3376 878 3425 contra
901 3371 1030 3425 Teleboae
1053 3369 1102 3436 (cf.

29 3441 161 3494 Vmerus
177 3442 233 3494 ind.
254 3442 404 3508 Grppbt'no.
422 3442 490 3495 1866
506 3460 532 3510 p.
552 3443 592 3495 10.
611 3442 652 3503 13)
758 3443 807 3494 218
824 3440 950 3492 reducunt
966 3439 1010 3504 13¹,
1027 3439 1104 3492 sedu-

28 3513 90 3560 cunt
106 3510 142 3561 ⁸²
244 3512 291 3562 221
312 3524 409 3561 nos-
428 3511 489 3563 item
505 3513 509 3576 Ι
525 3511 613 3563 hostes
632 3539 663 3548 -
681 3511 810 3561 instruont
826 3508 910 3570 codd,
931 3524 1000 3559 corr.
1020 3507 1103 3573 Spen-
1176 3542 1184 3557 .

24 3576 128 3704 libb
145 3579 747 3699 ‚2dotti³2tl²ttt⁶²i⁶ttttlttd⁰d
764 3576 1104 3710 ‘ltrdottlltttlttf

27 3715 132 3763 raucius
154 3716 185 3763 in
207 3685 375 3765 Fleckeiconi
395 3730 457 3767 ann.
476 3713 534 3779 129,
551 3713 603 3766 837
682 3662 795 3764 qcontra
817 3717 867 3764 utr.
887 3725 941 3764 oce.
959 3710 1102 3776 Bergdius]

27 3779 155 3847 utrimque
172 3786 268 3833 canunt
285 3788 373 3834 contra
449 3783 500 3835 228
518 3785 660 3832 consonant
678 3796 735 3833 aera
753 3782 933 3832 Boeoremiue
1006 3778 1104 3830 clemo-

27 3862 132 3915 remque
150 3848 173 3899 B
285 3852 335 3919 229
353 3853 460 3916 uterque
477 3849 690 3912 Lindemonnue,
714 3847 811 3900 Victori
828 3849 1008 3899 decoramine

29 3917 79 3969 230
92 3916 238 3982 [utrimque]
251 3915 408 3982 Spongettm
419 3920 536 3984 (uterque
549 3917 711 3983 Seyffertus:
729 3914 764 3977 cf.
777 3917 814 3967 ad
823 3916 884 3979 229)
948 3916 995 3968 231
1009 3914 1101 3978 *[tum]

113 3983 139 4035 id
157 3981 223 4045 fort.
242 3983 344 4037 dolend.
413 3987 462 4039 233
481 3985 575 4038 terrum
594 3984 661 4051 terit,
678 3984 730 4036 tela
748 3983 841 4050 iligunt
858 3984 1038 4036 Baeormeiue
