2594 4576
122 232 163 291 62
554 280 563 291 .
597 231 716 285 PLAVTl
1012 251 1190 306 raes-uina

120 406 299 488 portitorum
315 405 489 467 simillumae
504 412 575 466 suut
589 404 695 465 ianuae
709 403 862 465 lenoniae:

120 492 146 552 si
161 492 266 562 adfers,
282 497 345 551 tum
361 499 473 571 patent,
489 490 514 552 si
529 508 591 551 uon
607 489 747 569 estquod
763 489 824 563 des,
843 488 930 550 aedes
946 508 1010 552 uon
1027 499 1143 570 patent.
1155 526 1189 539 -

120 576 229 638 Anaxa.
259 574 372 650 luterii,
388 576 412 637 si
428 594 490 636 nou
507 574 626 635 invenio
643 593 697 653 ego
713 573 776 635 illas
790 573 894 653 viginti
911 575 1017 650 minas,

121 669 150 722 ct
164 663 307 742 proiecto,
323 661 380 722 nisi
395 660 467 722 illud
482 660 574 740 perdo
590 668 755 738 argentum,
771 658 989 738 pereundumst
1004 661 1090 723 mibi.

120 765 202 809 nunc
217 765 338 826 pergam
354 745 388 806 ad
404 745 503 805 lorum
518 753 606 823 atque
622 744 757 824 experiar
772 743 888 823 opibus,
904 745 988 805 omni
1004 746 1104 827 copia,
1153 755 1190 809 aa

119 830 303 912 supplicabo,
319 830 518 891 exobsecrabo
535 838 566 890 ut
582 847 729 908 quemque
745 829 873 890 amicum
887 829 1002 904 videro,

119 916 224 995 dignos
239 915 377 995 indignos
392 915 473 976 adire
487 914 508 994 †
523 922 611 992 atque
628 914 754 993 experiri
770 921 912 975 certumst
927 914 1009 977 mihi.

120 1019 188 1061 nam
203 1001 227 1063 si
242 1009 359 1062 mutuas
375 1019 436 1062 non
453 1008 567 1080 potero,
583 1007 725 1061 certumst
740 1017 853 1061 sumam
868 999 1002 1061 faenore.

532 1338 754 1398 tlutuvs
1126 1336 1184 1401 lll

118 1472 225 1536 Hercle
241 1493 319 1549 vero,
334 1471 455 1548 Libane,
473 1492 554 1535 nunc
567 1481 596 1535 te
612 1474 730 1535 meliust
745 1472 944 1553 expergiscier

117 1568 205 1639 atque
220 1566 342 1638 argento
359 1559 549 1639 conparando
565 1560 678 1639 lingere
692 1558 845 1619 fallaciam.
1150 1565 1187 1618 aa

116 1645 173 1706 iam
189 1645 268 1706 diust
281 1645 391 1705 lactum
406 1649 496 1722 quim
512 1644 629 1706 discesti
644 1644 679 1704 ab
696 1663 747 1705 ero
759 1652 847 1722 atquc
861 1642 959 1703 abiisti
975 1642 1012 1702 ad
1026 1642 1136 1717 lorum,

116 1727 218 1813 [igitur
233 1729 413 1790 inveniundo
429 1737 553 1808 argento
569 1738 602 1791 ut
617 1730 746 1809 fingeres
761 1721 926 1810 fallaciam]

115 1815 156 1875 ibi
171 1824 204 1875 tu
218 1814 254 1876 ad
268 1815 327 1875 hoc
341 1814 397 1874 diei
413 1823 530 1893 tempus
545 1814 709 1876 dormitasti
723 1814 754 1875 in
771 1813 840 1874 otio.

115 1898 186 1978 quin
203 1907 236 1959 tu
251 1899 302 1959 abs
317 1907 346 1959 tc
360 1898 527 1959 socordiam
542 1917 662 1960 omnem
677 1899 756 1960 reice
772 1906 801 1960 et
816 1896 971 1977 segnitiem
988 1915 1094 1959 amove

115 1991 203 2062 atque
217 1984 253 2044 ad
267 1983 419 2061 ingenium
435 1992 519 2044 vetus
533 1990 686 2045 versutum
701 1994 730 2044 te
744 1983 852 2062 recipis
866 1990 959 2042 tuom.
1149 1989 1186 2040 25

114 2087 196 2130 serva
214 2087 313 2130 erum:
330 2087 399 2129 cave
414 2076 446 2130 tu
461 2067 538 2130 idem
554 2069 628 2130 faxis
642 2069 690 2129 alii
706 2069 786 2147 quod
802 2067 877 2129 servi
892 2066 1000 2141 solent,

114 2159 166 2233 qut
181 2154 216 2215 ad
233 2154 275 2214 eri
290 2154 504 2215 fraudationem
520 2154 656 2215 callidum
671 2153 825 2234 ingenium
839 2160 957 2232 gerunt.

114 2241 192 2301 unde
208 2236 344 2301 sumam?
360 2257 447 2318 quem
463 2236 677 2300 intervortam?
699 2257 757 2317 quo
773 2239 851 2299 hauc
866 2237 998 2299 celocem
1015 2230 1185 2297 conlerami

112 2323 296 2403 inpetritum‚
312 2323 563 2403 inauguratumst:
580 2324 683 2402 quovis
698 2324 857 2384 admittunt
872 2341 947 2396 aree,

112 2409 196 2487 picus
212 2418 241 2469 ct
257 2409 361 2469 cornix
376 2408 412 2468 ab
427 2409 515 2482 laeva,
533 2427 647 2484 corvos,
662 2427 749 2489 parra
765 2408 800 2468 ab
817 2409 937 2469 dextera
1147 2413 1184 2466 att

112 2493 311 2567 cousuadent;
328 2499 441 2553 certum
456 2493 584 2554 herclest
599 2501 726 2555 rostram
742 2493 885 2572 consequi
901 2491 1094 2553 sententiam.

112 2578 163 2638 scd
179 2578 248 2656 quid
265 2578 331 2652 hoc,
347 2577 426 2656 quod
442 2577 526 2656 picus
541 2578 654 2639 ulmum
670 2575 790 2640 tundit?
806 2597 867 2639 nou
882 2576 1115 2639 temerariumst.

112 2670 193 2722 certe
207 2662 306 2723 hercle
322 2680 387 2740 ego,
404 2671 548 2740 quantum
563 2682 598 2723 ex
614 2664 737 2743 augurio
752 2663 842 2724 buius
857 2662 916 2742 pici
931 2661 1086 2743 intellego,

112 2755 162 2807 aut
176 2747 247 2807 mihi
262 2747 293 2808 iu
310 2747 421 2808 mundo
437 2755 508 2809 sunt
521 2747 620 2826 virgae
635 2759 685 2811 aut
699 2748 821 2810 atriensi
837 2749 972 2809 Saureae.
996 2816 1005 2829 ἡ

196 2968 253 3017 241.
273 2969 322 3019 242
341 2968 497 3034 Argyrippa
517 2965 600 3030 codd,
621 2965 771 3018 Cleaeretaa
789 2966 863 3018 dedit
877 2965 1039 3028 harndinem
1057 2967 1182 3033 wicio-

110 3047 169 3082 nem
187 3033 220 3083 de
237 3037 343 3098 origine
360 3050 452 3086 aarum
469 3039 596 3086 moveto.
616 3034 666 3086 159
752 3037 799 3087 241
820 3034 921 3087 leoniac
937 3034 975 3085 pa
1065 3037 1116 3090 242
1134 3038 1182 3087 tuo

109 3103 181 3166 patet
196 3101 236 3151 I)a
323 3104 371 3154 245
390 3103 458 3155 omui
476 3097 529 3155 ant
548 3103 639 3154 κοινοῦ
730 3104 777 3155 247
797 3102 917 3168 indignos
936 3118 985 3157 om.
1003 3104 1115 3156 Noniae
1130 3101 1182 3168 (μ’

109 3173 225 3219 testatur
243 3170 360 3237 experiri)
400 3208 406 3223 .
429 3171 543 3222 alteram
560 3187 653 3222 uersae
667 3176 772 3238 partem
783 3173 975 3239 interpolatam
992 3189 1049 3224 esse
1062 3171 1184 3226 viduant

108 3236 170 3299 LG,·
187 3253 242 3288 non
259 3239 339 3289 aliter
357 3239 442 3289 tradit
458 3238 564 3291 Noniae
654 3239 768 3305 experire
785 3239 811 3289 u
908 3243 957 3294 249
975 3240 1088 3293 tnmvs
1102 3240 1183 3308 (tot-

107 3320 153 3356 xrs
172 3305 218 3370 Ba)
236 3321 330 3357 sanvvs
348 3307 403 3369 ΒΕ,
422 3322 472 3359 om.
490 3307 516 3357 D
618 3323 679 3360 vere
696 3307 771 3358 D¹E¹
874 3325 925 3361 non
944 3313 969 3362 te
988 3309 1083 3362 melius
1101 3302 1182 3361 vetti

108 3376 157 3426 250
175 3389 267 3424 amaus
284 3377 323 3424 sia
341 3375 443 3425 evodii:
461 3378 537 3442 atque
556 3376 726 3442 comparando
739 3374 837 3442 fingere
855 3381 961 3442 argento
977 3376 1125 3440 fallaciam
1143 3375 1182 3427 do·

107 3442 172 3492 lecti
187 3443 301 3493 Balbine
387 3443 586 3496 mediaest)
672 3443 749 3495 abisti
839 3446 888 3496 252
907 3445 956 3496 del
976 3444 1100 3513 (lagatus
1116 3438 1181 3511 (250.

105 3509 158 3561 252
176 3509 230 3575 tu)
305 3514 355 3563 254
373 3511 457 3576 reicis,
475 3512 609 3577 segnitiem
628 3527 732 3563 amoves
749 3511 896 3563 Lambinus
974 3515 1023 3566 255
1041 3513 1182 3580 ingenuum

106 3577 141 3628 Βι
158 3578 254 3631 ataid.
322 3579 407 3645 recipe
425 3584 450 3630 te
463 3578 594 3645 Scaliger,
612 3579 646 3641 cf.
658 3580 736 3631 Most.
748 3579 807 3645 815,
822 3580 965 3632 Muellerus
973 3597 1048 3647 pros.
1061 3581 1116 3635 586
1130 3592 1151 3637 ‘a

102 3649 166 3709 post
183 3649 231 3699 252
250 3648 416 3698 intercidisse
432 3647 541 3699 videtur
558 3664 648 3699 cereas
666 3649 729 3699 talis
745 3652 907 3700 sententiae:
923 3665 1001 3717 quom
1019 3649 1053 3702 ad
1073 3650 1182 3704 salutem

106 3714 142 3764 eri
161 3713 330 3779 advocantur,
353 3715 435 3767 eidem
459 3716 561 3781 iugenio
585 3717 622 3767 nil
645 3717 733 3769 valent
837 3721 887 3771 258
906 3719 962 3770 celo
980 3733 1037 3770 esse
1055 3718 1082 3768 B

107 3782 157 3832 259
176 3782 295 3834 amittunt
312 3784 386 3834 BDE
465 3786 515 3836 260
534 3785 630 3847 cornix]
649 3786 737 3837 cornix
754 3789 794 3838 est
811 3786 845 3850 Ι),
864 3802 958 3838 coruex
976 3792 1016 3839 est
1034 3786 1092 3851 Bu,
1112 3802 1182 3840 corr.

108 3847 242 3914 (tapetam
260 3850 358 3917 *picus
376 3852 464 3904 cornix
481 3867 541 3904 ecce
559 3853 591 3904 ab
609 3853 682 3904 laeva
773 3870 849 3921 porro
867 3855 955 3905 Buta
1049 3856 1104 3908 262
1122 3855 1182 3917 naal

106 3915 174 4034 llaul
190 3915 296 4000 'tianius
425 3922 474 3974 263
492 3920 584 3972 *buius
601 3921 661 3987 pici]
680 3923 788 3989 auspicii
806 3924 838 3988 B,
855 3922 959 3989 auspitii
977 3923 1036 3986 DE,
1054 3924 1115 3978 eius
1132 3921 1182 3991 piel

129 4000 227 4034 arazar
