2594 4576
106 263 249 316 new-2³
558 247 750 301 aurfflrnvo
1149 252 1188 312 27

108 421 206 482 Auen.
229 419 306 479 Huic
318 418 432 478 homini
444 418 544 479 neseio
557 419 628 497 quid
640 430 683 480 est
695 420 762 480 mali
775 421 850 481 mala
862 420 1012 482 obiectum
1024 441 1124 498 manu,
1146 435 1190 485 000

107 514 271 585 postquam
293 522 311 564 a
331 521 379 563 me
398 502 478 562 abiit.
522 503 586 564 800.
617 503 739 565 Fateor:
763 523 830 565 nam
853 524 918 567 sum
943 506 1066 569 obtusus
1080 509 1190 588 pugnis

421 605 568 665 pessume.

107 673 206 735 Auru.
230 671 303 742 Quis
318 679 348 731 te
363 669 550 813 verqeravit?
594 671 659 732 Sos.
682 672 808 750 Egomet
823 683 940 747 memet,
958 675 1007 753 qui
1025 694 1106 736 nunc
1121 694 1187 737 sum

441 773 509 814 nnn.

108 842 207 903 Auen.
238 839 311 900 Cave
326 838 494 918 quicquam,
511 838 567 900 nisi
582 839 661 918 quod
677 841 788 918 rogabo
804 850 843 915 te,
860 843 932 903 milri
947 844 1153 922 responderis:

111 926 249 987 omnium
264 924 394 1002 primum
409 924 464 983 iste
480 923 530 1001 qui
546 923 585 984 sit
599 924 691 997 Sosia,
708 925 765 985 hoc
781 926 838 986 dici
852 927 929 986 volo.
1226 1003 1230 1008 .

109 1010 179 1072 800.
209 1009 290 1069 Tuos
305 1015 349 1068 est
363 1025 472 1068 servos.
516 1007 608 1067 Auen.
638 1007 709 1069 Mihi
725 1009 845 1087 quidem
867 1029 928 1071 nno
943 1019 972 1072 te
987 1012 1055 1090 plus
1074 1012 1189 1073 etiamst

420 1092 598 1170 quomrum,
1144 1106 1188 1157 610

108 1195 213 1256 neque
228 1184 384 1255 postquam
400 1193 465 1237 sum
481 1184 568 1237 natus
582 1176 671 1236 habui
688 1177 744 1237 nisi
760 1187 789 1237 te
805 1196 920 1239 servom
936 1179 1060 1240 Sosiam.

108 1262 180 1324 Sos.
210 1262 247 1323 At
263 1279 318 1340 ego
334 1279 424 1335 nunc,
441 1260 627 1339 Amphitruo,
644 1261 728 1321 dico:
745 1261 858 1323 Sosiam
874 1282 989 1324 servom
1005 1274 1089 1325 tuom

106 1355 232 1428 praeter
247 1365 294 1407 me
310 1345 444 1419 alterum,
460 1346 592 1423 inquam,
609 1346 768 1407 adveniens
783 1348 887 1408 faciam
903 1358 936 1409 ut
951 1349 1084 1410 offendas
1099 1349 1188 1422 domi,

107 1433 193 1494 llavo
208 1439 389 1511 prognatum
404 1439 487 1508 patre
504 1430 607 1490 eodem
624 1449 683 1509 quo
700 1449 754 1510 ego
770 1451 844 1507 sum,
861 1434 965 1507 forma,
982 1442 1075 1494 aetate
1089 1434 1160 1494 item

107 1536 170 1597 qua
193 1520 249 1596 ego
271 1533 347 1576 sum.
391 1514 461 1657 quiq
484 1522 573 1592 opust
594 1513 713 1576 verbis?
743 1517 880 1595 geminus
902 1518 984 1579 Sosia
1011 1518 1059 1579 hic
1081 1519 1189 1580 factust

418 1599 440 1658 ti
464 1599 482 1657 i.
1145 1613 1188 1663 615

105 1689 204 1748 Aura.
234 1683 329 1745 Nimia
342 1701 490 1744 memoras
504 1683 588 1743 mira.
620 1682 670 1743 sed
686 1684 801 1745 vidistin
818 1704 941 1746 uxorem
958 1683 1074 1747 meam?

106 1772 177 1833 800.
208 1769 287 1840 Quin
308 1769 387 1830 intro
402 1769 447 1828 ire
462 1769 493 1828 in
516 1769 596 1829 aedis
619 1785 782 1847 numquam
796 1769 946 1831 licitumst.
989 1771 1084 1832 Auen.
1115 1768 1189 1843 Quis

417 1862 448 1913 te
463 1850 640 1933 prohibuit?

107 1940 177 2001 Sos.
208 1939 291 2000 Sosia
306 1937 364 2012 ille,
382 1955 470 2016 quem
487 1939 542 1997 iam
560 1937 671 1998 dudum
687 1939 763 2012 dico,
779 1939 804 1999 is
820 1939 870 2017 qui
886 1958 932 2000 me
949 1942 1093 2001 contudit.

106 2026 205 2086 Arreni
234 2022 387 2094 Quisistic
403 2019 537 2084 Sosiast‘l
582 2023 646 2167 {os
676 2022 750 2102 Ego,
767 2024 897 2102 inquam.
932 2026 1070 2102 quotiens
1085 2025 1189 2086 dicen-

417 2106 583 2168 dumsttibi

106 2195 204 2255 Auen.
227 2193 285 2255 Sed
301 2194 371 2272 quid
387 2190 450 2254 ais?
467 2210 538 2252 num
554 2191 755 2253 obdormivisti
769 2191 904 2253 dudum?
949 2192 1013 2253 800.
1037 2194 1188 2272 Nusquam

417 2277 559 2356 gentium.
1144 2288 1188 2338 600

107 2364 205 2423 Auru.
227 2361 272 2422 lbi
286 2363 363 2422 forte
378 2361 465 2424 istum
482 2362 506 2422 si
521 2361 642 2422 vidisses
658 2361 806 2439 quendam
822 2362 852 2422 in
869 2361 983 2424 somnis
999 2361 1124 2424 Sosiam.

108 2448 178 2509 Sos.
206 2447 273 2507 Non
289 2447 370 2508 00100
386 2465 441 2526 ego
457 2446 657 2508 somniculose
672 2447 714 2507 eri
730 2447 853 2526 imperia
870 2447 1018 2526 persequi.

111 2533 238 2610 vigilans
252 2530 319 2604 vidi,
336 2531 458 2610 vigilans
473 2530 566 2604 video,
583 2531 706 2610 vigilans
722 2528 822 2616 [facta]
840 2532 971 2592 fabulor:

108 2617 280 2695 vigilantem
297 2616 346 2676 ille
360 2635 408 2676 me
423 2616 481 2676 ianr
497 2616 608 2676 dudum
623 2617 747 2694 vigilans
762 2617 871 2696 pugnis
887 2617 1030 2677 contudit.

107 2705 204 2763 11000.
225 2701 298 2771 Quis
309 2697 422 2761 bomo?
466 2700 531 2761 Sos.
555 2700 647 2774 Sosia,
660 2702 790 2779 inquam,
804 2719 859 2779 ego
871 2702 928 2762 ille.
952 2720 1071 2780 quaeso,
1085 2719 1187 2761 00000

417 2783 588 2864 intellegis?
1144 2795 1188 2844 626

107 2871 206 2930 Auen.
236 2870 308 2945 Qui,
329 2871 456 2943 malum,
480 2869 652 2948 intellegere
673 2868 827 2948 quisquam
849 2870 928 2949 potis
945 2866 1012 2930 est?
1031 2869 1071 2928 ita
1094 2886 1188 2948 nugas

418 2955 513 3015 blatis.

108 3039 177 3100 800.
210 3039 315 3099 Verum
331 3047 462 3100 actutum
478 3056 593 3112 nosces,
610 3056 700 3117 quom
716 3038 798 3098 illum
816 3057 922 3100 nosces
936 3056 1050 3099 servom
1063 3039 1187 3099 Sosiam.

109 3127 205 3185 Auen.
236 3124 367 3203 Sequere
382 3125 438 3184 hac
453 3123 542 3206 igitur
558 3142 613 3197 me,
635 3141 702 3183 narn
719 3124 758 3183 mi
775 3123 852 3197 istuc
868 3124 996 3202 primunr
1014 3123 1189 3201 exquisitost

417 3227 501 3270 ons.

108 3294 163 3355 sed
178 3292 243 3353 vide
259 3311 293 3353 ex
310 3292 376 3353 navi
392 3227 555 3353 estinanter
570 3311 645 3371 quae
660 3293 802 3371 imperavi
816 3293 873 3353 iam
889 3293 998 3353 omnia.

108 3377 177 3439 800.
200 3376 236 3437 Et
248 3395 363 3438 memor
373 3395 438 3437 snm
452 3387 480 3437 et
491 3377 626 3456 diligens,
643 3385 676 3439 ut
691 3395 767 3456 quae
779 3378 906 3456 imperes
917 3383 1123 3456 compareant;
1145 3385 1188 3435 ott

196 3578 245 3630 667
264 3576 411 3629 verberabit
428 3578 465 3627 Ila
552 3578 601 3628 612
620 3592 687 3628 0000
705 3592 755 3628 om.
773 3578 799 3626 D
879 3579 930 3628 614
948 3575 1014 3627 dabo
1031 3575 1121 3626 Bran

107 3650 263 3713 pregnaturn
279 3645 355 3695 Bon
421 3645 490 3696 idem
510 3646 546 3694 De
622 3646 672 3697 619
690 3644 752 3711 quid
769 3645 858 3695 Banu
934 3643 981 3694 tibi
1000 3645 1120 3695 0001216

107 3716 160 3766 621
179 3712 290 3765 tortasse
307 3712 385 3764 istum
408 3713 505 3764 vidisse
524 3713 666 3775 Varingius
770 3715 820 3765 622
843 3712 878 3764 erl
898 3712 966 3775 [mei]
987 3711 1189 3764 Lindemannua

196 3782 245 3833 623
264 3780 393 3845 *vigilans
411 3795 478 3831 nunc
495 3779 572 3831 video
589 3780 701 3845 vigilans
719 3780 821 3832 labulor
839 3780 913 3831 codd.
938 3781 1066 3843 (0001)ος
1089 3781 1189 3833 sabula·

106 3849 159 3901 bor
174 3849 211 3908 m
229 3849 282 3914 vig.
301 3849 414 3911 [laetum]
434 3848 485 3900 lab.
503 3849 534 3899 L.
552 3848 720 3913 Spangolius)
790 3850 839 3900 625
859 3863 909 3899 000
928 3848 1116 3900 Fleolreiwmer

105 3919 160 3971 626
177 3917 255 3969 blatis
273 3916 388 3979 Nonius]
407 3916 495 3968 blattis
581 3919 630 3969 621
650 3915 742 3982 *quam
761 3916 836 3966 codd.
924 3918 973 3969 629
992 3917 1043 3970 iam
1060 3917 1187 3983 imperavi

106 3985 196 4049 codd,
213 4000 284 4036 corr.
302 3986 417 4036 Botbv'ua
487 3986 618 4037 629-631
642 3984 692 4035 del.
711 3983 854 4048 Vesingr'ur
