2594 4576
79 273 208 324 raeco
490 254 667 308 esccmnns
1058 258 1118 320 139

79 449 148 491 mrs.
177 428 275 507 Atque
291 434 326 490 ed
341 428 466 489 sortasse
481 427 538 488 idm
554 425 663 506 opust?
707 428 783 491 Prsr.
808 429 901 491 lmmo
918 431 1004 492 etiam
1020 431 1118 510 prius:

79 534 113 575 tm
135 514 193 575 iam
215 514 274 574 huc
296 513 431 573 adveniet
452 511 545 574 miles
589 513 692 574 Eunus.
721 513 760 575 Et
780 515 864 577 miles
886 514 1028 595 quidem?
1102 544 1106 551 ⁴

79 621 122 662 sr.
154 598 212 670 Qui
234 598 270 659 de
292 597 453 658 amittenda
475 596 620 659 Bacchide
642 617 748 659 aurum
772 600 820 660 hic
842 601 948 680 exiget.

79 704 146 746 rurs.
175 683 302 755 Quando
324 683 386 744 volt
406 683 514 757 veniat,
537 691 626 761 atque
648 684 687 744 ita
709 703 749 745 ne
771 685 842 745 mihi
865 685 903 746 sit
924 699 1035 746 morae.

81 771 162 831 mist:
186 787 247 829 non
271 776 381 841 metuo,
405 786 461 828 nec
483 763 563 851 [ego]
588 767 748 848 quoiquam
769 770 915 850 supplico,
943 813 946 817 -
1076 781 1119 831 225

79 875 113 916 im
136 854 256 933 quidem
276 853 334 914 hoc
355 851 463 914 valebit
484 862 588 933 pectus
610 853 733 932 perlidia
756 873 865 915 meum.

79 940 89 1001 i
112 941 201 1014 intro,
224 957 280 1018 ego
302 938 350 999 hic
372 937 494 999 curabo.
524 946 557 998 tu
577 937 660 1000 intus
681 937 769 1000 dicito

79 1024 256 1086 nesilochum
279 1024 379 1085 adesse
402 1022 550 1084 Bacchidi.
594 1023 671 1085 Prsr.
702 1023 820 1085 Faciam
843 1035 875 1086 ut
897 1025 990 1087 iubes.
1006 1060 1048 1070 -

79 1129 143 1172 mus.
173 1108 332 1188 Negotium
353 1108 420 1168 hoc.
433 1107 469 1167 ad
491 1126 539 1168 me
562 1108 675 1169 adtinet
697 1109 855 1170 aurariam.

79 1195 120 1256 lle
142 1203 171 1255 et
193 1193 338 1254 ducentos
359 1192 530 1273 Philippum
553 1193 703 1255 attulimus
726 1211 832 1256 aureos
1075 1205 1118 1257 400

79 1281 168 1353 these,
192 1297 267 1358 quos
289 1279 398 1357 hospes
420 1277 521 1339 debuit
543 1288 646 1340 nostro
669 1279 744 1340 seni.
1030 1295 1033 1301 ’
1058 1296 1060 1301 ·
1085 1297 1089 1305 ’

79 1364 110 1426 de
133 1382 188 1442 ego
210 1363 297 1424 hodie
320 1363 447 1442 aliquam
470 1363 664 1424 machinabor
682 1365 858 1438 machinam,

79 1450 120 1510 010
142 1467 247 1510 aurum
270 1448 394 1509 efficiam
419 1449 528 1509 amanti
551 1449 615 1510 erili
637 1449 707 1510 olio.
819 1470 831 1489 ⁴·

79 1535 90 1596 l
113 1533 184 1597 loris
206 1533 382 1613 concrepuit
404 1540 522 1595 nostra:
544 1534 666 1612 quinam
689 1533 748 1595 exit
770 1531 869 1595 forasl

241 1715 247 1722 ’
296 1726 553 1798 urcoevnv's
599 1699 897 1829 cnnrsxnvs'
1054 1737 1115 1800 ua

79 1874 102 1915 c.
132 1854 185 1916 Ibo
208 1855 238 1915 in
261 1855 407 1928 Piraeum,
430 1855 520 1916 visam
543 1873 654 1935 ecquae
676 1856 828 1920 advenerit
1073 1866 1117 1918 205

91 1948 211 2018 portum
235 1959 271 2000 ex
293 1940 411 2019 Epheso
434 1940 515 2001 navis
536 1942 724 2002 mercatoria.

79 2042 107 2084 m
129 2043 214 2086 meus
236 2025 373 2086 formidat
395 2025 520 2099 animus,
544 2035 682 2088 nostrum
703 2036 770 2090 tami
785 2027 836 2088 diu

101 2108 234 2171 desidere
259 2128 355 2189 neque
376 2110 473 2171 redire
489 2110 598 2178 lilium.

80 2213 141 2255 nrs.
170 2194 311 2255 Extexam
335 2213 390 2274 ego
413 2195 495 2255 illum
518 2194 621 2275 pulcre
642 2196 710 2269 iam,
733 2196 757 2258 si
780 2194 809 2256 di
832 2196 944 2257 volunt

79 2279 114 2339 ud
137 2279 399 2342 dormitandumst:
424 2299 500 2360 opus
522 2288 567 2342 est
588 2282 695 2360 chryso
718 2280 868 2360 Chrysalo.
1072 2291 1116 2343 240

79 2363 124 2423 ibo
145 2365 237 2438 hunc,
260 2383 347 2444 quem
371 2365 489 2444 quidem
512 2383 568 2444 ego
589 2365 677 2426 hodie
699 2366 803 2426 faciam
825 2366 874 2426 hic
896 2365 1022 2429 arielem.

79 2449 149 2524 rixi,
172 2450 211 2510 ita
234 2448 403 2511 detondeho
425 2468 498 2511 auro
521 2468 615 2529 usque
638 2450 673 2511 ad
695 2450 788 2512 vivam
810 2461 919 2512 cutem.
941 2483 983 2496 --

79 2551 138 2596 uos
159 2535 265 2596 salutat
286 2534 464 2596 Nicobulum
486 2535 651 2616 Chrysalus.

79 2639 100 2679 c.
129 2619 188 2681 Pro
211 2620 239 2685 di
262 2620 443 2696 inmortales,
465 2620 613 2701 Chrysale,
635 2621 687 2682 ubi
709 2620 778 2681 mist
798 2618 898 2684 libus?

79 2723 139 2766 nrs.
170 2704 248 2776 Quin
272 2715 303 2766 tn
327 2705 450 2767 salutem
472 2706 601 2784 primum
623 2705 721 2767 reddis
743 2723 830 2784 quam
854 2703 943 2766 dedi?
1071 2717 1114 2767 245

79 2808 99 2849 3.
131 2789 224 2851 Salve.
254 2791 305 2851 sed
327 2789 477 2851 ubinamst
498 2787 720 2852 Mnesilochus?
757 2789 860 2850 Carus.
888 2790 972 2864 Vivit,
994 2790 1079 2850 valet.

79 2893 99 2934 ι.
129 2872 278 2935 Venitne?
323 2874 436 2936 Cunrs:
454 2875 549 2936 Venit.
594 2875 657 2936 Nro.
688 2874 780 2948 Edax,
798 2873 951 2952 ,aspersisti
972 2892 1088 2953 aquam.

79 2977 154 3020 nene
176 2977 271 3039 usque
293 2958 403 3021 valuit?
447 2959 549 3022 Eurus.
580 2959 752 3024 Pancratice
769 2968 863 3036 ,atque
885 2959 1031 3021 athletice.

79 3064 99 3104 z.
132 3043 209 3115 Quid
232 3042 312 3104 hoc‘l
343 3063 399 3123 qua
423 3063 509 3106 causa
533 3062 600 3106 eum
624 3039 717 3126 [hinc]
740 3043 771 3104 in
792 3043 942 3123 Ephesum
965 3044 1112 3117 miseram,

79 3129 190 3208 :epitne
211 3145 317 3190 aurum
339 3130 375 3190 ab
398 3130 515 3209 hospite
537 3127 764 3190 Archidemide?
1071 3141 1113 3190 250

122 3330 172 3381 222
184 3334 210 3381 el
219 3344 253 3382 m.
264 3332 288 3396 q'.
301 3331 446 3381 Pistoclero
459 3330 545 3396 codd,
558 3329 688 3396 Chrysalo
702 3330 776 3380 dedit
787 3328 944 3380 Guilelme‘uc
997 3330 1046 3382 223
1060 3329 1113 3380 cxi·

89 3397 215 3460 Bothiur]
233 3398 315 3464 exigit
384 3400 435 3451 224
451 3398 556 3449 *veniat
573 3397 676 3465 quando
693 3397 838 3449 0014001105
908 3399 958 3449 225
977 3398 1045 3461 [ego]
1061 3396 1113 3447 Bo·

79 3481 107 3515 03
187 3467 236 3518 227
256 3466 398 3518 abintroC
481 3469 531 3519 230
549 3466 691 3533 philippum
709 3467 830 3529 Bellicus,
849 3463 884 3525 cf,
901 3464 962 3528 272]
981 3463 1112 3530 philippos

79 3533 291 3585 tmachimamll
360 3535 409 3586 235
428 3533 697 3599 Nrcoaanvslutdldl
710 3549 795 3586 snum.
823 3546 958 3583 0000040οἐ
975 3546 1068 3583 servvs
1080 3533 1113 3595 B,

79 3601 151 3655 ,01)
246 3606 272 3654 et
290 3616 356 3668 quae
375 3603 402 3664 C,
420 3601 534 3668 *ecquae
553 3601 648 3664 [hodie]
741 3603 788 3653 241
809 3600 851 3651 hic
869 3600 961 3651 faciam
979 3600 1113 3651 Locbriue

79 3684 127 3720 nm.
142 3685 217 3735 pros.
236 3669 301 3722 122
370 3671 420 3722 242
457 3670 600 3736 hrixltaque
619 3669 732 3722 tondebo
750 3668 827 3730 1301),
848 3667 931 3734 phrixi
950 3669 1037 3735 itaque
1056 3674 1112 3719 ton-

79 3753 101 3788 to
116 3746 143 3800 r,
163 3752 234 3789 corr.
249 3737 410 3789 Grocclotc'us
428 3686 525 3801 (Ehrlxi
543 3745 620 3804 atque
639 3736 784 3789 detondeho
803 3736 886 3787 deleto
905 3750 967 3788 auro
979 3737 1112 3800 Berghr'us

93 3805 186 3869 1674)
256 3805 360 3857 *aurum
430 3807 480 3857 243
498 3805 634 3858 chrisalum
651 3806 675 3855 B
744 3806 794 3858 245
812 3803 921 3855 salutem
939 3804 1049 3870 primum
1062 3806 1111 3856 Bo·

79 3875 116 3935 uc]
136 3873 244 3939 primum
262 3873 370 3925 salutem
450 3876 499 3927 246
517 3873 681 3926 mnesilochis
702 3873 728 3934 0,
746 3872 904 3938 mnesilogus
921 3872 963 3935 1),·
980 3875 1043 3923 item
1060 3872 1112 3925 262

79 3945 82 3957 '
103 3941 207 3993 Charis.
224 3941 277 3994 240
294 3940 385 4002 adfert
408 3957 473 3994 euax
492 3957 515 3996 a.
534 3957 557 3994 a.
576 3947 603 3992 et
620 3941 698 3992 addit
714 3939 752 3992 fili
770 3939 860 3992 nuntio
964 3943 1014 3994 249
1032 3941 1110 4005 [hinc]

79 4012 207 4061 merarius
275 4012 326 4062 250
343 4008 452 4077 hospide
472 4010 498 4075 0,
516 4009 606 4076 ospide
623 4009 662 4059 1]ι
