2594 4576
79 265 226 319 „mro-a
532 245 724 301 Aurmrnvo

83 440 156 485 nam
177 440 225 482 me
246 427 393 501 perpetuo
413 422 512 482 iacere
534 429 568 481 ut
588 421 627 483 sit
648 422 808 498 comoedia,

84 527 174 590 reges
196 526 255 587 quo
277 505 397 567 veniant
419 517 447 567 ct
469 506 507 581 di,
530 525 591 567 non
614 524 669 586 par
691 507 828 569 arbitror.

84 593 159 673 quid
180 589 291 672 igitur?
315 594 454 670 quoniam
476 591 524 652 bic
547 609 647 653 servos
670 610 789 672 quoque
811 602 910 673 partes
932 594 1030 672 habet,

84 679 192 741 faciam
215 677 260 751 sit,
282 675 410 756 proinde
431 685 465 738 ut
487 676 555 748 dixi,
577 677 816 754 tragicomoedia.

84 781 171 825 nunc
191 763 249 823 boc
270 779 319 821 me
341 780 427 822 orare
448 779 464 821 a
486 760 569 822 vobis
590 760 675 822 iussit
696 762 838 842 luppiter,

82 856 119 908 nt
141 854 372 927 conquaestores
394 846 510 924 singula
531 846 562 907 in
585 845 725 908 subsellia

82 941 156 994 eant
177 950 231 1011 per
252 938 344 991 totam
365 949 481 992 caream
503 930 730 1012 spectatoribus,

82 1018 109 1080 si
132 1017 203 1097 quoi
224 1016 363 1077 favitores
385 1015 534 1096 delcgatos
556 1016 692 1092 viderint,

81 1110 119 1163 ut
140 1102 166 1164 is
187 1102 218 1163 in
242 1119 328 1162 cavea
349 1101 459 1182 pignus
482 1102 636 1180 capiantur
657 1110 753 1180 togae.

81 1188 108 1249 si
132 1186 184 1266 qui
205 1186 276 1271 quoi
298 1186 452 1248 ambissint
472 1187 599 1266 palmam
622 1187 679 1263 [ex]
700 1186 894 1250 histrionibus

81 1291 137 1334 seu
160 1272 320 1351 quoiquam
341 1272 456 1346 artifici,
479 1272 503 1333 si
525 1289 580 1351 per
602 1271 727 1350 scriptas
749 1271 861 1334 litteras

81 1375 136 1419 seu
158 1356 209 1435 qui
231 1356 294 1435 ipse
317 1356 447 1418 ambissit
468 1375 520 1418 seu
543 1374 598 1436 per
620 1356 847 1432 internuntium,

80 1441 143 1504 sive
166 1442 239 1503 adeo
262 1440 369 1503 aediles
390 1440 549 1521 perfidiose
572 1440 642 1520 quoi
664 1441 759 1516 duint,

77 1526 228 1606 sirempse
249 1525 346 1604 legem
367 1526 453 1588 iussit
475 1545 539 1588 esse
562 1525 704 1605 luppiter,

81 1611 168 1690 quasi
191 1611 393 1688 magistratum
416 1611 472 1672 sibi
494 1611 614 1672 diterive
637 1610 802 1673 amblverit.

80 1696 190 1758 uirtute
213 1696 286 1756 dixit
307 1715 358 1758 vos
378 1695 505 1758 victores
527 1696 632 1769 rivere,

80 1800 144 1843 non
167 1780 328 1842 ambitione
351 1799 449 1859 noque
471 1781 609 1861 perfidia:
632 1781 683 1860 qui
705 1781 804 1843 minus

79 1867 185 1928 eadem
207 1866 343 1927 histrioni
365 1866 403 1927 sit
424 1866 469 1926 lcx
494 1884 569 1944 quae
590 1884 706 1927 summo
728 1864 814 1927 viro?

78 1952 191 2013 virtute
212 1950 324 2011 ambire
347 1960 472 2029 oportet,
497 1970 559 2012 non
581 1951 762 2013 ianitoribus.

78 2046 127 2099 sat
148 2035 238 2096 habet
258 2036 413 2096 favitorum
436 2054 555 2116 semper
577 2036 628 2114 qui
650 2046 731 2097 recte
753 2035 831 2111 lacit,

77 2122 106 2183 si
128 2121 185 2183 illis
206 2120 279 2181 fides
301 2129 345 2182 est
368 2119 475 2199 quibus
497 2130 542 2182 est
564 2139 598 2181 ea
620 2139 667 2181 res
690 2121 720 2181 in
743 2139 843 2182 manu.

79 2207 139 2268 hoc
161 2224 282 2285 qnoque
304 2205 391 2266 etiam
413 2205 485 2267 mihi
508 2205 577 2283 [ille]
601 2205 631 2266 in
654 2205 799 2266 mandatis
821 2203 910 2277 dedit,

79 2301 115 2352 ut
137 2298 369 2370 conquaestores
390 2291 496 2351 flerent
518 2289 728 2352 histrionibus:

79 2376 132 2455 qui
155 2376 210 2438 sibi
232 2375 401 2436 mandasset
422 2375 547 2454 delegati
569 2385 602 2436 ut
622 2374 798 2455 plauderent

79 2461 169 2540 quive
191 2462 265 2520 alter
287 2479 345 2539 quo
369 2459 502 2540 placeret
523 2460 641 2522 lecisset
663 2461 771 2535 minus,

76 2546 144 2607 eius
167 2551 341 2606 ornamenta
363 2553 393 2606 et
415 2545 527 2606 corium
551 2545 593 2606 uti
616 2546 817 2607 conciderent.

77 2629 182 2691 mirari
204 2630 296 2691 nolim
318 2649 371 2691 vos
393 2638 576 2710 quapropter
597 2631 730 2709 luppiter

78 2733 164 2776 nunc
186 2714 345 2776 histriones
368 2722 461 2776 curet.
505 2715 731 2776 nemiremini:

77 2800 144 2880 ipse
166 2800 245 2861 hanc
267 2809 399 2861 acturust
419 2799 554 2879 luppiter
576 2800 767 2861 comoediam.

76 2882 176 2964 quid?
198 2883 353 2944 admiratin
377 2882 468 2946 estis?
491 2884 665 2963 quasivero
689 2902 797 2945 novom

78 2987 163 3030 nnnc
184 2969 363 3048 proferatur,
385 2969 484 3030 lovem
506 2970 604 3030 lacere
626 2969 820 3030 histrioniam.
1127 2980 1156 3030 90

75 3053 167 3115 etiam
188 3053 349 3116 histriones
370 3072 449 3115 annu
473 3073 564 3134 quum
585 3055 617 3115 in
639 3054 815 3133 proscaenio
837 3053 886 3115 hic

163 3255 195 3307 61
214 3268 260 3320 per
276 3255 310 3319 D,
328 3270 376 3322 pur
387 3255 425 3306 na
495 3258 528 3309 65
546 3256 743 3323 conquisitores,
761 3258 825 3305 itam
837 3254 886 3317 82;
903 3252 939 3315 cf.
960 3255 1047 3307 Varro
1061 3256 1093 3306 dc
1105 3256 1122 3307 l.
1135 3255 1153 3309 l.

74 3323 103 3386 6,
121 3322 154 3376 79
224 3323 320 3389 singuli
336 3321 425 3374 Both
439 3323 520 3388 (unde
536 3324 681 3375 Fabricius
694 3323 786 3375 Seruio
805 3323 918 3386 addidit,
937 3323 967 3374 II
979 3323 1039 3388 287,
1049 3323 1084 3376 22
1096 3322 1153 3388 Tb.)

75 3393 110 3443 67
129 3390 243 3443 lautores
259 3391 284 3443 B
300 3390 407 3443 Nonius
525 3393 557 3444 68
576 3391 608 3443 iis
729 3394 761 3444 69
785 3391 857 3443 *sive
879 3392 924 3459 qni
942 3391 1082 3443 ambissent
1099 3390 1154 3456 pal·

76 3472 147 3510 mam
165 3457 332 3511 histrionibus
345 3460 421 3511 codd.
438 3459 471 3524 (si
489 3459 534 3527 qni
552 3464 578 3510 ct
590 3459 706 3512 ambissit
718 3461 872 3523 Frater-ius,
891 3459 1025 3511 ambissint
1036 3457 1154 3510 Ilitsclzc·

74 3527 141 3592 Itur)
224 3529 256 3579 70
275 3527 331 3580 sive'
349 3527 468 3595 cuiquam
486 3528 571 3593 codd,
588 3543 660 3582 corr.
677 3531 778 3581 Parcus
846 3527 908 3579 *sen
927 3527 1003 3579 codd.
1019 3527 1048 3589 (i.
1065 3543 1088 3582 a,
1106 3527 1153 3592 sei)

74 3598 108 3647 71
131 3593 187 3646 sive
206 3595 250 3661 qui
273 3595 362 3662 codd,
386 3595 635 3647 comburenaum
737 3595 860 3648 ambisset
876 3596 939 3659 ΒΕ,
963 3593 1104 3646 ambissent
1121 3594 1154 3662 B,
1200 3660 1202 3665 .

77 3678 150 3714 corr.
167 3661 315 3714 ursimus
384 3665 416 3716 tt
434 3663 558 3716 aedibiles
569 3665 594 3714 B
665 3666 696 3716 73
715 3664 737 3715 si
755 3663 865 3716 similem
882 3678 936 3714 rem
953 3662 1009 3728 ipse
1026 3662 1053 3713 in
1068 3662 1154 3729 legem

75 3730 163 3794 codd,
181 3746 252 3782 corr.
271 3730 395 3796 Scaliger
412 3733 454 3793 (da
473 3731 626 3798 corruptela
643 3730 679 3792 cf.
697 3733 768 3785 Fact.
782 3749 810 3798 p.
823 3731 884 3795 344)
955 3733 987 3783 to
1004 3730 1099 3783 habere
1116 3732 1154 3784 B·

77 3801 109 3852 81
131 3797 195 3862 [ille]
212 3799 327 3865 Ppladm
396 3801 427 3853 83
447 3799 612 3852 mandassent
629 3801 714 3865 codd,
732 3816 802 3852 corr.
818 3799 954 3850 Beothius
1024 3802 1058 3853 84
1075 3800 1152 3867 quive

76 3881 130 3934 quo
148 3866 281 3934 placerent
299 3867 363 3919 alter
381 3868 470 3934 codd,
495 3884 565 3920 corr.
586 3867 706 3935 δαμείω
722 3868 845 3935 (placeret
862 3867 937 3931 Piae)
1023 3871 1056 3922 89
1074 3867 1154 3920 admi-

74 3935 126 3986 rati
139 3935 224 4000 codd,
242 3951 314 3986 corr.
323 3936 461 4054 &omanus
530 3939 563 3988 99
581 3934 654 3987 *eum
673 3936 758 3988 lacere
827 3938 857 3989 91
879 3940 947 4004 ante,
965 3952 1043 4004 quom
1063 3936 1155 3989 Vcsa'n-

68 4005 140 4068 εἰπε
208 4003 234 4054 in
253 4018 304 4054 om.
