2594 4576
50 251 229 310 rastas-asa
258 271 262 277 -
520 235 712 289 aurfflrnvo
1116 246 1154 305 19

113 407 216 470 unae.
253 405 372 467 Scibam
396 407 532 485 equidem
556 409 671 470 nullum
694 429 757 471 esse
781 411 867 472 nobis
890 413 946 475 nisi
968 434 1016 476 me
1038 436 1155 479 servom

426 493 550 554 Sosiam.
1111 514 1155 565 385

115 578 195 659 fugit
211 585 240 638 te
255 577 341 638 ratio.
386 575 451 638 Sos.
486 577 602 637 Vtinam
618 578 694 640 istuc
708 581 803 659 pugni
819 582 959 644 fecissent
974 585 1027 646 tui.

115 661 215 724 Mene.
244 661 308 740 Ego
324 679 391 724 sum
407 661 489 722 Sosia
504 662 553 722 ille
569 681 659 740 quem
674 672 707 724 tu
722 664 832 726 dudum
849 685 912 729 esse
928 669 1026 730 aiebas
1040 671 1122 732 mihi.

116 747 185 811 Sos.
216 746 348 809 Obsecro
364 756 397 807 ut
410 765 465 826 per
480 764 584 826 pacem
599 748 686 809 hceat
700 756 729 810 te
744 751 864 829 alloqui,
880 760 914 813 ut
929 771 967 813 ne
983 755 1128 832 vapulem.
1234 800 1238 812 .

114 833 212 895 Meno.
242 832 337 892 Immo
352 831 484 892 indutiae
500 849 661 912 parumper
676 835 758 910 fiant,
774 836 798 897 si
814 837 885 914 quid
900 838 942 898 vis
956 839 1048 918 loqui.

116 919 184 980 Sos.
206 917 274 978 Non
290 917 396 996 loquar
410 916 467 977 uisi
483 935 555 995 pace
571 919 655 991 facta,
672 920 790 997 quando
804 922 913 1000 pugnis
923 922 992 1001 plus
1001 924 1089 985 vales
1111 936 1154 986 399

114 1003 212 1064 Meno.
243 1001 296 1064 Dic
311 1003 336 1064 si
351 1001 422 1080 quid
438 1001 496 1075 vis,
520 1020 581 1061 non
605 1003 731 1065 nocebo.
777 1005 840 1067 Sos.
871 1007 951 1068 Tuae
967 1009 1024 1069 fide
1040 1009 1154 1071 credo?

425 1085 520 1145 Mnac.
550 1086 641 1147 Meae.

116 1173 183 1234 Sos.
208 1171 285 1243 Quid
301 1171 326 1231 si
341 1168 446 1231 falles?
483 1170 577 1231 Mene.
601 1172 677 1233 Tum
688 1173 853 1236 Mercurius
865 1175 966 1237 Sosiae
980 1177 1074 1240 iratus
1089 1179 1153 1240 siet.

115 1258 182 1319 Sos.
212 1257 351 1318 Animum
367 1255 503 1316 advorte:
520 1274 601 1316 nuno
616 1256 686 1317 licet
701 1257 741 1318 mi
756 1258 848 1320 libere
864 1260 978 1339 quidvis
992 1261 1085 1341 loqui.

114 1341 343 1422 Amphitruonis
357 1359 412 1419 ego
428 1359 496 1401 sum
510 1358 611 1403 servos
626 1342 719 1403 Sosia.
763 1344 858 1404 Mnus.
890 1345 988 1406 Etiam
1003 1346 1125 1408 denuo?

115 1427 183 1488 Sos.
213 1427 321 1487 Pacem
338 1426 404 1498 ieci,
421 1425 525 1486 ioedus
540 1425 587 1500 ici,
602 1445 671 1488 vera
687 1427 763 1488 dico.
808 1430 901 1491 Mane.
931 1431 1053 1510 Vapula,
1111 1443 1154 1493 995

115 1513 184 1574 Sos.
198 1512 237 1572 Vt
246 1511 330 1572 lubet
339 1510 419 1589 quod
430 1508 484 1569 tibi
495 1509 579 1570 lubet
590 1513 644 1583 iac,
658 1512 799 1590 quoniam
811 1516 920 1593 pugnis
932 1515 999 1594 plus
1008 1517 1097 1579 vales.

113 1615 230 1671 verum,
253 1605 286 1658 ut
308 1605 342 1656 ut
362 1615 395 1657 es
409 1595 559 1669 facturus,
582 1596 639 1656 hoc
662 1596 781 1674 quidem
803 1599 904 1660 hercle
921 1601 1001 1661 haud
1021 1602 1153 1662 reticebo

424 1687 534 1739 tamen.

113 1765 212 1828 Marc.
242 1765 288 1825 Tu
302 1783 350 1826 me
364 1764 444 1825 vivos
460 1763 547 1824 hodie
563 1781 726 1842 numquam
741 1765 830 1828 facies
846 1767 918 1846 quin
934 1767 990 1829 sim
1005 1768 1098 1830 Sosia.

114 1852 184 1913 Sos.
214 1849 301 1912 Certe
313 1848 418 1929 edepol
429 1857 462 1909 tu
477 1866 525 1909 me
536 1847 678 1910 alienabis
693 1869 855 1931 numquam
867 1853 938 1930 quin
953 1860 1055 1915 noster
1065 1853 1153 1926 siem;

114 1955 174 1998 nec
190 1933 277 1997 nobis
293 1942 411 2015 praeter
427 1933 494 1994 med
509 1933 583 1994 alius
599 1934 782 2013 quisquamst
798 1956 898 1999 servos
913 1938 1008 2000 Sosia.
1110 1949 1155 1999 too

114 2019 182 2105 [qui
197 2037 265 2081 cum
280 2019 499 2098 Amphitruone
515 2018 584 2078 hino
600 2038 660 2080 una
675 2020 768 2082 ieram
783 2022 815 2081 in
831 2019 1018 2104 exercitum]

113 2106 212 2167 Mune.
248 2104 302 2165 Hic
324 2105 414 2165 homo
438 2120 529 2164 sanus
548 2121 610 2163 non
633 2112 686 2165 est.
737 2105 802 2167 Sos.
833 2106 921 2176 Quod
941 2108 981 2167 mi
1002 2107 1153 2186 praedicas

425 2187 537 2261 vitium,
553 2188 583 2247 id
597 2187 688 2249 tibist.

115 2272 190 2354 quid
205 2274 325 2349 malum,
341 2292 403 2334 non
420 2290 485 2332 sum
501 2290 556 2351 ego
572 2291 672 2333 servos
687 2272 912 2351 Amphitruonis
928 2271 1035 2334 Sosia?

115 2377 221 2421 nonne
236 2359 291 2419 hac
306 2368 399 2419 noctu
414 2363 516 2418 nostra
532 2357 614 2418 navis
629 2352 712 2440 [huc]
729 2377 765 2419 ex
779 2366 870 2438 portu
884 2358 1004 2420 Persico

113 2445 208 2518 venit,
224 2461 299 2522 quae
314 2462 363 2504 me
377 2440 512 2503 advexit?
528 2461 631 2502 nonne
647 2461 694 2503 me
709 2444 767 2504 huc
783 2462 852 2505 erus
866 2443 947 2505 misit
961 2440 1068 2504 meus‘l
1110 2452 1154 2503 405

115 2547 222 2590 nonne
237 2546 293 2607 ego
309 2546 391 2588 nunc
406 2533 452 2588 sto
468 2535 538 2670 ³¹¹¹ss
552 2527 639 2589 aedes
654 2527 792 2590 nostras?
808 2547 870 2588 non
886 2529 956 2590 mist
970 2529 1106 2589 lanterna
1121 2528 1152 2589 in

425 2629 515 2671 manu

115 2715 181 2760 non
196 2697 313 2776 loquor,
329 2715 391 2757 non
402 2693 513 2775 vigilo?
530 2714 632 2756 nonne
647 2696 696 2757 hic
712 2697 801 2759 modo
813 2715 860 2757 mc
876 2697 985 2777 pugnis
997 2695 1153 2760 contudit?

34 2821 38 2824 -
115 2781 189 2844 fecit
203 2781 313 2856 hercle,
330 2799 399 2842 nam
414 2781 502 2840 etiam
517 2780 626 2841 misero
642 2800 724 2842 nunc
741 2778 836 2864 [mihi]
852 2782 945 2841 malae
961 2783 1070 2843 dolent.

116 2866 192 2946 quid
212 2866 303 2944 igitur
325 2884 380 2944 ego
403 2863 527 2926 dubito?
551 2873 601 3010 ‘im
623 2884 700 2943 quor
723 2885 784 2927 non
808 2866 888 2927 intro
912 2884 946 2926 eo
967 2867 998 2926 in
1022 2872 1154 2928 nostram

425 2951 546 3011 domum

66 3097 213 3106 -.μ-...-
480 3098 626 3105 .---—<-..
632 3097 783 3104 munnam-—
790 3098 797 3102 .
807 3097 874 3102 --...
880 3098 885 3101 .
1068 3096 1153 3104 —-—-

163 3169 212 3221 385
231 3166 345 3219 sciebam
398 3168 449 3220 386
466 3166 534 3218 istuc
552 3166 650 3218 utinam
667 3166 786 3232 Guyetue
839 3167 887 3220 387
907 3181 983 3232 quem
1001 3166 1154 3232 tePpladee

70 3241 123 3291 391
140 3235 219 3289 dicito
239 3236 324 3300 codd„
342 3251 413 3287 corr.
426 3235 627 3285 Lindemannus
692 3233 832 3285 taceboD¹
902 3232 963 3286 fidei
1032 3236 1155 3300 392post

66 3305 126 3359 395
142 3307 235 3371 posuit
250 3304 288 3354 Be
367 3305 417 3355 395
435 3302 469 3354 ici
489 3303 558 3365 Otto]
577 3302 627 3354 ieci
707 3301 930 3368 sesquiobolo
1010 3303 1059 3354 399
1078 3301 1154 3351 uiuus

67 3373 159 3436 θ’θ’]
175 3372 252 3426 nien
272 3372 316 3435 13¹,
333 3371 392 3423 nius
404 3371 442 3421 D¹
459 3375 492 3420 ut
508 3371 568 3431 oid„
587 3372 612 3421 Ε
681 3372 731 3422 499
749 3383 790 3420 me
860 3384 908 3421 nec
926 3368 1001 3421 nobis
1018 3370 1154 3434 praesente

69 3440 170 3508 aliquis
187 3440 325 3507 quisquam
337 3438 387 3490 nisi
406 3453 496 3490 seruus
508 3436 614 3489 Nonius
626 3453 655 3504 p.
667 3438 700 3489 76
718 3442 818 3489 testans
829 3441 966 3503 praesente
977 3437 1052 3488 nobis
1070 3435 1156 3500 (qood

71 3511 129 3560 buc
148 3510 288 3574 pertinere
309 3507 444 3558 intellexit
460 3505 480 3556 I.
499 3505 696 3567 Sebroedcrue5
719 3504 754 3567 cf.
773 3506 906 3556 Daiatzko
931 3508 962 3556 in
984 3500 1155 3563 Mittebas.

69 3592 143 3629 rone.
160 3575 257 3628 Patet.
276 3575 301 3641 7,
320 3575 379 3640 126)
467 3576 513 3626 491
535 3574 585 3626 del.
603 3573 791 3625 Fleckeisenue
878 3575 928 3625 492
947 3570 1016 3638 qued
1036 3570 1068 3620 B¹

70 3647 126 3698 494
144 3659 196 3697 non
209 3659 263 3709 pro
282 3658 368 3696 nonne
386 3641 556 3708 spangam,
578 3647 610 3692 ut
629 3643 700 3693 idem
717 3658 743 3692 υ.
761 3642 812 3694 495
829 3641 891 3707 (non
909 3641 967 3692 med
986 3639 1040 3703 LG)
1059 3638 1110 3690 496
1128 3642 1155 3688 et

72 3712 229 3766 Gronomm
245 3727 270 3762 o.
288 3710 339 3763 497
358 3711 439 3762 tertio
458 3710 515 3760 loco
603 3710 670 3773 [huc]
731 3710 805 3760 tadeo
902 3709 951 3760 496
970 3721 1037 3759 nunc
1055 3706 1105 3758 isto
1119 3706 1154 3755 9ι

71 3785 101 3832 et
110 3785 144 3831 ot
155 3780 208 3832 oid.
217 3779 262 3842 ld,
277 3793 397 3830 «senune
408 3778 459 3829 isto
471 3777 514 3841 0¹,
526 3792 594 3828 nunc
607 3778 670 3830 sisto
683 3778 708 3827 D
722 3815 729 3841 ‚
741 3793 809 3829 nnnc
818 3776 861 3828 hie
870 3776 906 3828 13²
957 3775 1055 3826 laterna
1067 3773 1154 3824 BD²A¹

70 3852 124 3902 497
140 3848 219 3900 modo
234 3846 362 3914 capetus]
374 3846 452 3898 homo
465 3845 554 3906 modo;
568 3845 603 3908 cf.
613 3846 709 3897 buclae.
719 3861 810 3897 comm.
823 3860 895 3910 pros.
905 3842 952 3909 r,7
1004 3845 1054 3897 498
1073 3841 1154 3904 [mibi]

10 3944 12 3953 =
74 3916 250 3968 Commorim
263 3921 328 3982 poet
344 3915 434 3966 dolent
526 3916 576 3966 499
596 3929 644 3982 ego
662 3914 740 3980 igitur
757 3914 783 3964 D
874 3915 904 3963 ut
921 3911 972 3962 DE
1060 3910 1087 3960 in
1104 3909 1155 3962 del.

70 3986 249 4038 Abrotonum
267 3987 299 4037 st.
315 3983 355 4037 Pl.
374 3983 425 4036 199

918 4064 950 4116 2*
