2594 4576
112 615 151 663 ml

103 737 153 784 l'lll

111 1875 157 1919 xlv

119 2077 154 2121 XV

110 2197 155 2240 xm

163 226 225 285 130
641 227 762 279 Pffl'l‘l

163 410 276 480 petrae,
292 401 403 461 lenum
420 398 471 459 ubi
486 400 527 459 fit.
557 401 598 476 [τε
614 400 731 460 cuiatist
746 398 886 476 amabo‘l]

166 506 191 545 :z
207 484 432 546 Praenestinum
448 484 540 563 opino
556 503 629 555 esse,
646 485 685 545 ita
700 495 763 545 erat
777 485 937 564 gloriosus.

471 605 547 664 sicut
561 604 637 664 lacte
650 604 735 664 lactis
749 605 867 665 similist

232 726 337 786 Bucen.
424 723 471 783 illa
486 724 544 783 mei
560 723 747 801 cognominis
765 721 771 803 (
791 724 849 784 luit

231 842 399 904 convorrite
414 841 515 918 (aedis)
530 842 638 921 scopis,
652 842 731 920 agite
744 851 879 903 menne.

725 926 829 1004 ecquis
843 934 950 987 evocat

229 1029 296 1072 cum
313 1010 478 1071 nassiterna
492 1020 606 1070 etcum
622 1028 699 1088 aqua
714 1011 804 1072 istum
819 1011 1101 1090 impurissumum?
1215 1023 1237 1074 n

232 1149 270 1190 ne
285 1146 301 1187 a
318 1146 466 1208 quoquam
483 1129 633 1207 acciperes
648 1129 705 1189 alio
720 1131 887 1190 mercedem
902 1148 1040 1192 annuam
1092 1140 1101 1149 '

231 1214 288 1275 nisi
303 1213 340 1273 ab
355 1219 420 1276 sese
435 1232 491 1274 nec
506 1232 574 1274 cum
590 1214 731 1293 quiquam
747 1215 868 1275 linares
881 1227 987 1294 eaput.

659 1333 778 1394 limaces
791 1334 846 1394 riri

231 1452 277 1513 sin
293 1452 474 1512 lenocinium
489 1451 566 1511 lorte
581 1451 794 1512 conlubitumst
809 1452 874 1522 tibi,

232 1537 330 1596 rideas
344 1535 490 1596 mercedis
507 1536 576 1613 quid
591 1536 674 1597 tibist
688 1555 792 1598 aecum
807 1536 880 1609 dari,

231 1641 270 1683 ne
284 1621 355 1682 istac
370 1630 464 1681 aetate
478 1638 526 1680 me
539 1633 654 1681 sectere
668 1621 778 1700 gratiis

235 1758 303 1800 nam
319 1740 407 1801 credo
423 1739 514 1800 cuivis
528 1747 685 1800 excantare
700 1758 753 1800 cor
766 1749 862 1819 potes.

476 1865 529 1919 cdr
544 1876 653 1930 meum,
667 1864 735 1939 spes
751 1879 825 1931 mea,

233 1943 289 2004 mel
303 1961 412 2016 meum,
428 1943 590 2017 suavitudo,
606 1943 699 2017 cibus,
714 1946 855 2023 gaudium

232 2061 297 2123 sinc
312 2071 341 2122 te
355 2078 449 2121 amem
1216 2073 1240 2125 ⁵)

781 2180 924 2260 quidquid
940 2190 986 2244 est
999 2202 1118 2248 nomen
1134 2186 1188 2248 sihi

240 2353 270 2403 13
289 2350 324 2401 ibi
336 2350 411 2401 Seru.
424 2349 526 2412 [cuiatis
537 2348 584 2399 tibi
595 2349 704 2411 risust‘l]
716 2348 877 2400 Riteclaeliuc
938 2353 971 2403 11
988 2353 1088 2417 opinor
1101 2356 1184 2408 Prisc.

168 2423 235 2472 errat
251 2418 358 2469 Noniae
427 2416 468 2467 Vll
485 2418 588 2467 Produc
605 2418 674 2467 call.
694 2417 736 2467 W
749 2418 765 2467 7
776 2416 804 2468 lt
823 2417 908 2482 (lacte)
926 2420 1073 2484 Pompeius
1092 2423 1121 2475 V
1130 2423 1181 2476 199
1197 2422 1244 2475 Cle

169 2488 266 2538 doninc
285 2486 314 2537 V
324 2484 359 2536 48
381 2484 485 2535 Marion
505 2486 545 2535 Pl.
570 2484 675 2536 V1472
777 2485 844 2536 laete
867 2485 944 2538 lactis
966 2488 1062 2554 Pomp.
1090 2491 1163 2544 eled.
1184 2490 1246 2543 Her.

168 2556 250 2605 Probi
267 2569 326 2604 ezec.
342 2555 413 2617 por.)
431 2552 498 2602 lacte
516 2551 577 2603 laeli
594 2554 676 2602 Prodi
692 2552 768 2614 Boo„
786 2554 875 2618 Pomp.
894 2552 980 2621 Neap.
1087 2559 1203 2623 similist]
1217 2558 1246 2611 al·

169 2621 230 2673 mile
248 2627 289 2672 est
305 2621 394 2685 Proh„
412 2618 495 2670 simile
507 2619 606 2684 Pomp„
625 2635 674 2671 om.
687 2620 746 2672 rell.
815 2621 898 2688 *quae
915 2623 984 2691 sicut
1001 2622 1074 2677 lacte
1088 2626 1168 2679 laetis
1186 2626 1248 2679 sini·

169 2690 202 2741 lis
220 2692 260 2740 est
280 2687 315 2738 toi
403 2685 455 2737 Vlll
473 2685 584 2738 Servius
600 2687 666 2740 Aen.
684 2688 710 2752 6,
721 2687 774 2740 383
789 2683 862 2740 ‘lacit
883 2689 925 2741 hic
948 2695 975 2742 et
992 2691 1061 2744 haec
1082 2694 1249 2762 cognominis

171 2771 229 2809 nam
247 2756 273 2806 in
291 2753 384 2806 Plauto
401 2753 498 2807 lectum
516 2758 557 2806 est
573 2770 630 2805 cum
649 2771 699 2808 uua
717 2755 749 2808 de
761 2755 933 2809 Bacchidibus
950 2758 1062 2812 diceret:
1082 2762 1130 2815 illa
1142 2757 1187 2802 -'

170 2825 221 2877 mei
239 2825 267 2888 (i.
285 2841 306 2875 e.
324 2824 370 2887 mi)
387 2823 507 2875 Floriac.
527 2822 631 2887 Caesel.)
650 2838 705 2875 mea
724 2824 782 2875 roll,
851 2824 884 2875 lll
902 2829 1056 2893 composuit
1073 2829 1252 2883 Iliteedela'w

172 2895 203 2946 18
223 2892 360 2944 Charinus
376 2891 427 2944 219
443 2892 566 2956 (strenue)
636 2891 725 2954 [aedis]
743 2891 902 2943 llitaclele'an
982 2897 1021 2949 19.
1034 2897 1073 2949 20
1091 2899 1254 2953 ramma

170 2961 333 3025 (nassiterna)
408 2960 473 3011 haec
491 2960 548 3027 quis
625 2963 767 3010 antecessit
782 2976 879 3012 nomen
895 2965 967 3012 cerm
983 2963 1067 3028 (exito
1086 2964 1187 3020 Dares.
1213 2967 1253 3020 elli

170 3030 193 3080 is
211 3029 267 3079 est?
286 3027 374 3094 ecquis
391 3031 516 3079 evocate.
529 3044 554 3092 q.
565 3029 597 3091 a.)
666 3027 696 3079 X.
713 3027 747 3079 xl
764 3027 871 3080 Nonius
887 3029 940 3082 334
956 3028 995 3083 Pl.
1014 3029 1043 3083 B.
1065 3032 1182 3088 linaceo
1199 3034 1254 3099 vid,

171 3094 241 3165 quod
259 3098 371 3147 atterant
387 3099 415 3146 et
432 3100 590 3147 consumant.
619 3096 708 3148 limare
726 3096 802 3147 etiam
816 3095 908 3149 dicitur
919 3098 1091 3165 coniungere:
1111 3101 1153 3154 Pl.
1164 3102 1253 3170 B.(X)
1280 3132 1285 3141 ·

170 3166 285 3218 Bacchea
302 3164 388 3215 altera
407 3177 466 3213 cnm
482 3163 634 3228 pedisequo,
652 3167 671 3215 i.
684 3181 704 3215 e.
718 3180 805 3230 puero
818 3165 896 3229 (577),
913 3169 1017 3218 sororia
1034 3169 1120 3220 aedae
1136 3174 1255 3237 quaerit

169 3250 238 3301 puer
254 3232 422 3298 impudenter
438 3233 468 3281 in
479 3235 635 3283 memoriam
651 3232 695 3282 illi
706 3238 815 3284 revocat
825 3233 996 3285 condiciones
1008 3249 1072 3286 cnm
1085 3238 1179 3291 milite
1193 3255 1256 3307 pce·

172 3307 214 3353 tae
300 3303 330 3353 21
350 3313 440 3352 necum
460 3314 588 3367 quoquam
607 3300 736 3366 acceperis
755 3301 840 3365 codd,
858 3318 928 3353 corr.
947 3302 1089 3355 Merena-m
1193 3307 1255 3360 salio

172 3371 234 3422 Por.
304 3370 337 3420 22
354 3367 404 3419 nisi
422 3366 512 3421 abesse
530 3369 599 3434 Pon,
617 3369 688 3421 missi
706 3367 797 3420 abesse
814 3370 888 3421 Harl
957 3371 1100 3438 quicquam
1120 3375 1190 3430 Par.

171 3437 215 3489 llll
234 3438 371 3490 Chariclen
387 3434 439 3489 200
518 3437 626 3487 videtur
641 3436 732 3503 puella
748 3453 862 3502 puerum
880 3438 1039 3504 compellare
1045 3458 1057 3502 ,·
1077 3440 1255 3507 lenocinium,

171 3505 228 3558 cell.
246 3509 390 3556 octennem
407 3519 467 3555 cum
484 3505 568 3555 milite
585 3507 671 3570 ipsam
688 3505 828 3568 conciliet,⁸
850 3506 996 3557 mercedem
1013 3509 1120 3562 malam
1137 3527 1202 3563 rem
1219 3512 1256 3563 di-

172 3576 225 3635 cit,·
242 3576 310 3624 istoc
326 3575 344 3624 i.
363 3589 385 3623 e.
403 3572 509 3624 (anullo
528 3577 615 3624 aetate
682 3571 735 3623 xltt
753 3571 858 3624 Nonius
874 3573 925 3626 102
941 3575 1103 3643 (excantare)
1120 3583 1156 3629 ut
1173 3594 1255 3647 cupre

171 3644 225 3693 nisi
243 3642 315 3707 quod
329 3642 438 3707 praebet
454 3645 540 3707 polest
609 3640 718 3693 Sea-niue
736 3642 820 3694 bucol.
830 3642 855 3707 8,
865 3642 897 3694 21
915 3656 975 3694 nam
992 3646 1022 3694 lu
1039 3645 1150 3711 quidem
1171 3648 1254 3701 euim

172 3714 306 3762 excantare
324 3724 368 3762 cor
385 3708 461 3762 facile
479 3715 554 3776 potes
633 3707 690 3759 lllV
708 3707 813 3760 Nonius
831 3709 881 3762 173
899 3710 1055 3777 (suavitudo)
1139 3715 1256 3768 nocem

170 3793 289 3829 sororem
307 3777 446 3844 compellat
463 3777 580 3842 (Ritecle.)
656 3775 703 3827 XV
720 3777 843 3828 Donatus
855 3779 924 3830 Eun.
937 3779 1009 3842 1V2,
1023 3779 1055 3832 13
1073 3795 1167 3835 amare
1180 3782 1256 3837 modo
1285 3836 1288 3851 ,

173 3846 221 3897 lrui
239 3844 324 3897 amore
342 3845 411 3899 dicit.
448 3845 486 3897 Pl.
504 3847 530 3898 in
549 3844 641 3896 Bacch.
659 3846 693 3908 (u.
712 3845 771 3909 100)
794 3849 820 3897 et
837 3840 903 3898 ‘eine
921 3849 938 3902 l.
957 3841 988 3898 a.’
1059 3846 1123 3902 XVI
1142 3851 1256 3904 Sorores

172 3915 242 3966 Dan.
254 3916 320 3967 Aen.
334 3914 373 3979 10,
386 3914 437 3967 493
453 3908 587 3982 ‘quidquid
606 3928 652 3980 pro
671 3911 857 3980 quodcumque.
885 3914 962 3967 Plin
977 3910 1012 3966 B?
1086 3918 1211 3973 Bccede'e
1226 3920 1257 3971 de
1286 3932 1288 3939 ·

171 3983 256 4035 milite
274 3987 305 4034 nt
322 3983 431 4033 videtur
499 3989 539 4034 est
556 3995 648 4033 nomen
667 3985 707 4032 est
724 3981 804 4034 Bern.
825 3981 847 4032 G
