2594 4576
129 204 169 262 88
600 200 721 254 PLAV'l't
736 194 739 205 ’
1070 219 1191 270 varo-u

128 378 202 440 Dru.
231 375 292 438 lam
304 376 438 451 obsecro,
449 395 534 440 uxor.
577 376 649 437 Anu.
670 375 758 437 Nunc
770 394 890 436 uxorem
902 393 951 437 me
963 395 1031 438 esse
1042 377 1190 441 meministi

127 547 225 622 modo,
242 566 332 628 quom
347 548 422 609 dicta
438 550 468 610 in
480 471 710 627 ffilligerebas,
726 546 835 620 odium,
851 564 913 606 non
927 564 1008 609 uxor
1024 564 1116 608 eram.

127 634 202 696 Dru.
232 633 324 696 Totus
338 634 423 714 perii.
467 634 538 692 Anu.
568 633 645 705 Quid
660 629 803 693 tandem?
823 632 919 693 anima
941 633 1081 694 foetetne
1101 634 1189 695 uxoris

481 716 571 779 tuae?

127 805 201 866 Dru.
231 803 361 864 Murram
377 804 444 865 olet.
488 805 559 865 Ana.
588 803 649 862 lam
663 800 847 882 subrupuisti
861 801 979 880 pallam,
995 821 1089 881 quam
1100 811 1188 865 scorto

481 886 587 950 dares?

126 974 206 1035 Pnn.
232 973 356 1034 Ecastor
371 975 421 1052 qui
436 973 648 1052 subrupturum
663 973 770 1052 pallam
785 972 921 1053 promisit
934 972 998 1033 tibi.
1153 983 1189 1034 9oe

127 1060 201 1120 bau.
223 1058 290 1119 Non
302 1057 403 1120 taces?
445 1059 517 1120 Aac.
539 1059 601 1138 Ego
614 1057 825 1133 dissuadebam,
837 1066 940 1118 mater.
985 1058 1062 1123 Anu.
1085 1058 1190 1120 bellum

479 1144 580 1205 fllium.

126 1229 265 1290 istoscine
280 1237 394 1309 patrem
409 1238 563 1308 aequomst
576 1247 673 1289 mores
687 1228 789 1289 liberis
803 1225 961 1308 largirier?

127 1314 208 1374 nilne
223 1323 252 1374 te
267 1312 377 1393 pudet?
420 1315 494 1375 Dru.
524 1315 592 1388 Pol,
607 1316 632 1375 si
647 1314 724 1374 aliud
740 1313 782 1374 nil
797 1313 843 1387 sit,
859 1314 902 1374 tui
916 1332 974 1387 me,
992 1330 1082 1389 uxor,
1097 1315 1189 1395 pudet

126 1400 197 1459 Ans.
227 1398 306 1460 Cano
322 1399 416 1479 capite
431 1407 460 1460 te
475 1401 612 1461 cuculum
634 1418 709 1461 uxor
723 1418 759 1459 ex
773 1398 873 1460 lustris
887 1398 974 1477 rapit.

125 1485 201 1545 bru.
230 1484 296 1545 Non
312 1484 381 1546 licet
394 1503 514 1546 manere
528 1488 614 1562 (cena
630 1484 777 1563 coquitur)
793 1484 862 1544 dum
877 1482 982 1545 cenem
997 1482 1113 1545 modo?
1153 1494 1189 1544 9ae

125 1570 197 1629 Ana.
226 1569 349 1632 Ecastor
363 1571 482 1632 cenabis
497 1571 592 1645 bodie,
608 1578 641 1631 ut
654 1570 762 1650 dignm
776 1589 817 1644 es,
831 1587 972 1647 magnum
986 1569 1112 1630 malum.

126 1655 200 1717 Dru.
231 1655 305 1716 Male
321 1656 532 1718 cubandnmst:
548 1656 707 1717 iudicatum
722 1674 769 1717 me
783 1672 858 1715 uxor
871 1654 990 1715 abducit
1004 1654 1138 1716 domum.

125 1739 197 1800 bno.
227 1741 376 1815 Dicebam,
391 1752 484 1822 pater,
500 1741 563 1817 tibi,
580 1761 618 1802 ne
633 1742 718 1802 matri
733 1741 905 1802 consuleres
920 1740 1007 1801 male.

126 1825 205 1886 Pnu.
236 1826 278 1886 lle
298 1826 374 1907 palla
395 1836 559 1900 memento,
580 1826 693 1887 amabo.
736 1827 810 1889 Dru.
840 1825 932 1887 luben
955 1824 1035 1887 hanc
1058 1825 1189 1888 hincab

478 1909 620 1974 scelere?

125 1996 196 2054 Ans.
226 1994 379 2057 ldomum.
423 1997 504 2058 Pnin.
527 1996 785 2060 Dasaviumetiam
797 1996 978 2076 priusquam
991 1995 1090 2058 abicis.
1120 1999 1190 2059 Dru.

479 2082 538 2144 lin
554 2100 681 2143 crucem.
1152 2092 1192 2144 oro

124 2165 205 2226 Purn.
235 2166 326 2228 lmmo
341 2166 362 2247 †
377 2168 458 2231 intus
471 2169 579 2248 potius.
608 2185 732 2247 sequere
747 2167 802 2227 bac
826 2185 889 2241 me,
908 2167 948 2226 mi
967 2165 1078 2228 anime.
1125 2168 1191 2229 Ano.

477 2254 540 2334 Ego
555 2272 624 2314 vero
640 2270 757 2332 sequor.

599 2557 720 2618 Gnnx

127 2675 182 2736 llic
196 2675 324 2736 senensi
340 2674 411 2754 quid
427 2674 501 2735 clam
516 2695 639 2737 uxorem
654 2696 708 2739 suo
724 2677 823 2738 animo
839 2675 908 2738 fecit
921 2677 1021 2757 volup,

125 2778 223 2840 neque
239 2778 346 2821 novom
362 2779 459 2841 neque
473 2761 580 2822 mirum
595 2762 665 2823 lecit
679 2781 735 2823 nec
750 2781 836 2823 secus
852 2779 939 2841 quam
954 2762 1004 2823 alii
1018 2762 1138 2841 solont;

126 2865 183 2908 nec
199 2846 381 2926 quisquamst
398 2855 457 2906 tam
472 2846 592 2926 ingenio
607 2847 682 2908 duro
698 2867 754 2909 nec
770 2857 829 2908 tam
840 2848 926 2935 fipmo
941 2857 1079 2926 pectore,

125 2931 197 3009 quin
212 2931 264 2993 ubi
280 2933 407 3011 quicque
422 2933 584 2995 occasionis
600 2933 637 2994 sit
651 2932 707 2994 sibi
723 2932 808 2995 faciat
823 2933 910 2994 bene.
1155 2942 1196 2994 ou
1233 2944 1235 3009 ζ

126 3035 207 3077 nunc
222 3017 247 3078 si
260 3017 345 3078 voltis
360 3016 512 3097 deprecari
526 3019 596 3080 huic
611 3018 676 3079 seni
692 3037 729 3078 ne
744 3019 872 3098 vapulet,

126 3119 227 3162 remur
237 3101 387 3182 impetrari
402 3121 499 3182 posse,
514 3103 649 3183 plausum
665 3103 690 3164 si
706 3104 816 3165 clarum
833 3102 915 3164 datis.

211 3273 261 3326 939
278 3274 434 3339 Argyrippo
453 3272 541 3339 codd„
565 3274 701 3325 Pbilaem'o
720 3273 793 3324 dedit
809 3276 909 3326 Parem
994 3275 1044 3326 932
1064 3278 1199 3342 aequomst
1233 3292 1235 3305 =

126 3356 209 3393 mores
221 3340 343 3408 miudes]
361 3356 469 3409 aequum
488 3356 570 3393 mores
588 3345 628 3394 est
697 3343 746 3394 933
765 3348 794 3393 tn
811 3356 852 3394 me
862 3342 899 3392 132
968 3341 1199 3407 9341bin01uxor

126 3409 173 3461 LG
241 3411 291 3462 936
309 3408 401 3474 dignus
419 3424 446 3460 es
464 3409 602 3474 Gruterus]
620 3409 724 3475 (lignum
743 3415 782 3462 est
850 3411 898 3462 937
918 3409 1022 3460 abducit
1033 3409 1141 3475 Domo]
1159 3410 1199 3463 ad·

126 3477 197 3530 (lucit
215 3478 299 3541 codd,
318 3476 388 3528 ducit
396 3476 502 3529 Nonius
570 3481 628 3531 949.
638 3480 685 3531 941
701 3481 806 3530 inverso
820 3479 913 3531 ordino
925 3477 1009 3542 codd,
1022 3493 1096 3532 corr.
1107 3479 1199 3530 Fleck-

126 3549 229 3597 eisenur
297 3547 347 3598 940
364 3545 488 3598 idomurn
506 3561 557 3597 om.
574 3546 608 3596 Β1
677 3547 754 3599 abitis
772 3547 928 3614 Seyffertua]
947 3545 1013 3596 abiis
1030 3546 1091 3612 BD,
1110 3547 1200 3600 nbisE

127 3618 175 3667 941
195 3615 272 3677 intus]
291 3614 317 3664 in
335 3612 428 3665 lectum
445 3613 618 3680 Niemepemr
636 3615 652 3667 l.
670 3633 691 3667 r.
708 3615 751 3679 43,
770 3622 797 3665 tu
814 3616 864 3666 ibis
882 3615 1030 3681 Seyffertus
1136 3616 1198 3670 Ano.

126 3682 247 3745 Botbius]
265 3682 329 3736 Dru.
408 3685 457 3735 942
476 3697 553 3734 uxore
570 3681 605 3732 13²
674 3698 746 3734 suam
764 3682 869 3734 Nonius
887 3683 923 3733 Ει
991 3683 1073 3750 volup
1093 3684 1199 3736 Nonius

128 3752 252 3813 testatur]
268 3750 411 3818 voluptatis
472 3753 521 3804 945
540 3765 640 3818 quaque
657 3750 681 3801 B
741 3752 790 3803 946
809 3750 840 3802 de
859 3751 938 3802 necari
956 3751 1034 3802 voltis
1052 3751 1200 3805 Muellerus

127 3818 176 3935 3341}
195 3815 312 3935 planspjm
330 3819 352 3870 si
370 3817 513 3882 Bontloioa]
532 3817 554 3869 si
571 3817 688 3882 plausum
706 3819 744 3870 sic
832 3767 930 3870 llnivn
947 3833 1062 3871 assantur
1080 3836 1199 3875 nxnnrcrr

176 3921 183 3949 ,
201 3900 251 3939 om.

566 3957 764 3966 ——..--—-
