2594 4576
154 223 189 277 Vl
598 225 782 279 PRAEFATIO

156 397 307 478 popularis
330 406 433 476 poetae
456 416 546 476 opera
560 417 615 477 per
637 407 757 459 centum
779 399 843 459 lere
862 416 1009 460 annorum
1032 400 1161 478 spatium
1182 401 1231 462 hi-

155 483 300 545 strionum
323 490 438 543 tantum
460 481 597 543 manibus
619 491 741 544 tractata
764 491 919 544 retractata
948 502 982 544 eo
1006 485 1130 546 consilio
1154 505 1229 547 con·

156 567 314 647 quirebant
335 578 365 628 et
386 566 575 628 excutiebant
596 567 773 629 litteratores
795 568 938 642 Romani,
960 577 994 629 ut
1012 569 1230 634 Alexandrinos

155 651 269 727 imitati,
287 660 317 713 et
331 652 424 712 multo
441 651 559 730 quidem
575 652 673 713 minus
688 652 838 713 exercitati
853 653 883 713 in
900 671 932 713 re
947 652 1037 733 longe
1051 653 1228 731 difficiliore,

88 744 94 755 “
155 737 256 816 spuria
277 755 294 797 a
316 736 456 816 genuinis
477 746 678 812 secernerent,
700 737 830 816 genuina
853 737 1038 816 potissimum
1060 740 1096 800 ad
1111 740 1228 819 antiqui

156 822 302 884 sermonis
324 821 570 882 consuetudinem
594 823 832 902 cognoscendam
855 831 1059 901 excerperent.
1097 824 1229 887 Stilones

155 907 245 985 igitur
267 914 296 966 et
318 906 465 967 Varrones
487 906 677 985 reliquosque
704 906 835 967 indicum
857 906 1063 968 Plautinorum
1090 918 1228 972 auctores

155 990 388 1069 collectoresque
403 990 568 1070 glossarum
583 999 763 1052 vetustarum
786 1010 847 1052 non
864 991 929 1052 sine
947 992 1143 1071 discrepantia
1165 994 1227 1055 lec-

154 1076 244 1136 tionis
266 1075 452 1136 circumlatas
474 1076 621 1136 invenisse
643 1076 755 1137 fabulas
772 1076 919 1138 Plautinas
942 1084 971 1138 et
993 1096 1054 1137 non
1076 1078 1228 1140 Plautinas

154 1160 322 1222 testimonia
344 1161 431 1221 etiam
452 1169 614 1240 supersunt
634 1160 665 1221 in
682 1161 815 1221 Verriani
838 1161 936 1240 operis
958 1162 1090 1240 reliquiis
1112 1182 1173 1224 non
1189 1163 1228 1226 de

155 1245 343 1306 Varronianis
355 1253 470 1306 tantum
481 1244 588 1306 sabulis
599 1245 651 1306 sed
662 1245 698 1307 de
710 1245 785 1325 Syro
801 1264 921 1324 quoque
936 1265 1025 1324 quam
1040 1255 1121 1308 extra
1136 1248 1228 1311 unius

154 1339 184 1390 et
199 1329 301 1407 viginti
316 1348 475 1391 numerum
491 1331 588 1391 locum
611 1330 749 1392 habuisse
764 1330 916 1411 probabile
938 1339 998 1405 est;
1021 1335 1058 1394 cl.
1074 1332 1228 1395 Winterus

154 1414 197 1475 Pl.
220 1415 277 1475 lab.
294 1413 360 1493 dep.
377 1417 479 1493 fragm.
495 1434 524 1494 p.
541 1417 570 1479 6.
587 1418 638 1477 47.
675 1416 756 1493 quod
777 1415 802 1478 si
825 1416 856 1476 in
880 1415 1031 1477 codicibus
1054 1417 1163 1496 quibus
1181 1419 1227 1480 uti

153 1498 223 1560 licet
245 1499 367 1560 eandem
389 1499 526 1561 lectionis
548 1499 775 1579 discrepantiam
799 1519 860 1561 non
884 1518 944 1561 uno
966 1500 1033 1562 loco
1058 1503 1225 1582 deprehen·

153 1584 249 1646 dimus
271 1585 341 1663 (qua
363 1584 400 1645 de
421 1604 454 1645 re
476 1586 513 1646 cl.
539 1603 613 1663 quae
636 1585 860 1664 disputaverunt
874 1584 1055 1664 Leidolphus
1077 1585 1145 1649 diss.
1162 1586 1226 1649 len.

152 1667 180 1729 ll
192 1671 317 1748 204sq,
333 1668 455 1731 Raierus
469 1670 505 1731 de
520 1669 563 1730 Pl.
580 1668 637 1730 lab.
653 1688 713 1731 rec.
726 1669 825 1731 Ambr.
842 1678 872 1731 et
886 1669 945 1730 Pal.
960 1688 990 1748 p.
1004 1671 1116 1750 20sq.),
1131 1672 1226 1734 varie·

152 1761 242 1815 tatem
265 1772 326 1814 non
349 1755 442 1834 magis
457 1754 629 1816 mirabimur
644 1773 733 1833 quam
750 1763 892 1816 servatam
916 1772 980 1815 eam
995 1764 1025 1817 et
1038 1756 1226 1818 diiudicatam

152 1857 168 1899 a
190 1839 386 1917 grammaticis
408 1841 475 1900 data
498 1857 587 1918 opera
608 1839 768 1900 lectionem
795 1840 1014 1901 comoediarum
1039 1841 1226 1903 constituen-

152 1922 240 1986 tibus.

238 2008 382 2069 Nimirum
404 2009 462 2068 hoc
484 2009 595 2069 lactum
617 2018 661 2069 est
675 2007 766 2069 altera
783 2026 870 2087 quam
885 2027 975 2088 supra
990 2009 1113 2070 indicavi
1129 2017 1226 2072 aetate

152 2093 382 2168 Antoninorum,
398 2112 455 2173 qua
471 2101 586 2173 poetam
599 2101 667 2173 post
679 2093 832 2154 Horatium
848 2113 909 2154 uon
925 2093 1025 2173 magni
1041 2095 1160 2170 iactum,
1176 2096 1226 2157 cui

152 2177 259 2239 iterum
281 2196 336 2258 per
358 2186 479 2240 centum
493 2180 555 2239 lere
577 2197 725 2240 annorum
740 2179 865 2258 spatium
881 2198 943 2240 non
959 2177 1093 2240 audimus
1107 2197 1225 2241 vacasse

151 2263 365 2340 grammaticos,
389 2283 427 2324 ne
443 2263 574 2324 Probum
590 2264 718 2343 quidem,
741 2271 859 2343 praeter
874 2271 989 2325 ceteros
1004 2264 1146 2325 excitasse
1165 2263 1225 2326 ele-

151 2348 319 2426 gantiarum
334 2348 487 2408 hominum
503 2348 598 2409 studia
615 2358 719 2408 notum
734 2356 786 2408 est.
824 2355 912 2425 atque
927 2365 989 2407 non
1004 2346 1144 2427 legebant
1158 2357 1225 2409 tan·

151 2441 213 2493 tum
229 2432 366 2494 Plautum
388 2441 417 2493 et
432 2431 646 2511 excerpebant:
670 2431 867 2492 recensebant
881 2431 1080 2493 emendabant
1097 2433 1226 2495 edebant

150 2517 370 2578 commentariis
392 2517 586 2590 instructum,
616 2516 646 2576 id
669 2516 748 2594 quod
771 2524 857 2576 antea
878 2516 988 2576 lactum
1015 2536 1079 2578 esse
1101 2517 1224 2597 probari

151 2621 212 2662 non
235 2609 349 2685 potest;
373 2609 454 2662 certe
476 2602 510 2662 ad
526 2601 604 2662 banc
626 2609 749 2662 aetatem
773 2607 803 2661 et
817 2611 989 2679 argumenta
1004 2602 1158 2681 pertinent
1172 2622 1224 2664 ve-

149 2695 261 2748 tustum
272 2704 440 2747 sermonem
452 2685 626 2747 adlectantia
640 2685 827 2765 (ci.0pitzius
839 2687 915 2747 stud.
924 2686 1003 2766 Lips.
1013 2686 1085 2765 le.
1093 2689 1156 2752 234
1165 2691 1225 2767 sq.)

150 2780 179 2832 et
201 2771 432 2833 commentarius
454 2770 539 2832 cuius
560 2771 650 2832 unius
672 2778 788 2850 tempus
811 2771 947 2832 novimus
968 2771 1089 2832 Terenti
1107 2771 1224 2849 Scauri,

149 2857 298 2935 pertinere
313 2863 420 2936 potest,
436 2863 469 2917 ut
483 2856 625 2935 reliquiae
640 2856 703 2917 eius
717 2857 888 2928 ostendunt,
905 2856 1135 2918 commentarius
1149 2857 1224 2918 alter

149 2940 307 3014 Sisennae,
327 2940 422 3002 studia
438 2941 591 3020 pertinent
605 2940 684 3002 Flavi
700 2940 786 3021 Capri
801 2940 924 3002 Arrunti
939 2940 1014 3002 Celsi
1036 2940 1222 3020 aliorumque

148 3025 319 3086 multorum.
355 3026 390 3086 ad
406 3026 483 3088 hanc
498 3035 622 3088 aetatem
636 3027 809 3088 referendae
824 3025 932 3105 quibus
949 3025 1061 3086 utimur
1077 3026 1222 3089 editiones

148 3109 335 3171 ambrosiani
357 3110 466 3172 codicis
488 3111 625 3190 rescripti
648 3119 678 3172 et
699 3110 911 3172 Palatinorum.

233 3194 381 3274 Tempore
396 3195 484 3276 igitur
499 3197 578 3274 quod
594 3196 671 3258 inter
686 3195 859 3257 Ciceronem
883 3205 912 3256 et
927 3193 1110 3254 Frontonem
1127 3194 1220 3255 inter·

148 3280 236 3341 cessit
258 3287 288 3340 et
309 3280 464 3359 depravata
486 3281 577 3342 multa
599 3281 721 3343 suntin
744 3279 878 3342 versibus
893 3277 996 3353 Plauti,
1020 3297 1095 3357 quos
1118 3297 1157 3340 ne
1173 3278 1220 3340 Ci-

148 3364 267 3426 ceronis
289 3364 408 3443 quidem
430 3383 532 3427 aevum
548 3366 681 3445 integros
695 3374 859 3444 acceperat,
882 3371 912 3425 et
926 3363 1084 3425 verborum
1107 3363 1219 3425 formae

147 3449 285 3528 antiquae
307 3450 466 3530 pleraeque
482 3459 676 3524 evanuerunt,
699 3469 771 3529 quas
794 3468 832 3510 ne
847 3449 940 3510 Varro
962 3448 1079 3527 quidem
1094 3448 1220 3510 intactas

147 3534 309 3608 invenerat,
331 3534 362 3595 in
386 3534 494 3613 quibus
516 3535 713 3612 restituendis,
734 3536 759 3597 si
775 3535 956 3596 Hadrianeae
971 3533 1073 3594 aetatis
1089 3533 1219 3594 homini-

147 3617 203 3680 bus
225 3619 348 3680 scientia
369 3637 423 3698 par
444 3620 538 3680 amori
559 3620 705 3682 sermonis
726 3620 832 3680 vetusti
858 3619 1007 3690 intuisset,
1035 3617 1129 3678 multo
1151 3617 1218 3696 plus

147 3703 188 3764 illi
211 3722 299 3782 quam
323 3704 408 3766 nobis
430 3704 498 3765 licet
512 3707 657 3785 prolicere
672 3704 847 3784 potuissent.
885 3705 915 3765 in
939 3702 1044 3764 talibus
1065 3710 1164 3763 autem
1185 3711 1219 3763 ut

147 3788 178 3849 in
201 3789 356 3851 sententiis
370 3797 474 3868 poetae
490 3789 701 3869 recuperandis
715 3809 786 3850 saue
801 3789 837 3850 ad
852 3789 948 3869 ipsum
965 3788 1100 3849 Plautum
1114 3805 1218 3848 ascen·

147 3874 216 3934 dere
239 3881 268 3934 et
283 3892 370 3953 saepe
384 3873 453 3935 licet
468 3883 497 3935 et
511 3874 622 3953 ubique
637 3875 841 3953 temptandum
856 3883 909 3936 est.
947 3873 1001 3934 alia
1018 3881 1089 3934 sunt
1104 3872 1135 3932 in
1152 3873 1217 3950 qui·

146 3957 202 4019 bus
224 3977 292 4037 spes
314 3958 389 4019 ultra
405 3959 542 4020 Hadriani
566 3968 690 4021 aetatem
712 3968 792 4020 certo
816 3960 908 4039 gradu
923 3956 1132 4037 progrediendi
1155 3975 1216 4018 non
