2594 4576
127 234 190 294 170
607 233 725 288 Ptavrt
1046 252 1211 304 iveni-tn

191 419 326 472 sescenta
340 417 420 470 tanta
435 407 565 481 reddam,
581 407 605 469 si
619 407 694 480 rivo,
709 406 773 468 tibi.

193 496 254 556 vale
270 504 357 574 atque
372 495 445 554 haec
460 492 551 553 cura'.
582 493 652 571 quid
668 510 750 553 nnnc
765 510 880 564 censes,
896 491 1072 574 Chrysale‘l
1160 505 1208 556 1035

192 579 295 642 Cunus.
325 579 403 642 Nihil
417 598 473 659 ego
489 579 541 639 tibi
557 578 643 638 hodie
658 577 764 639 consili
780 577 941 657 quicquam
958 577 1050 652 dabo,

192 684 291 745 neque
307 684 361 745 rgo
377 665 454 726 hand
470 663 651 725 committam
666 671 709 736 ut,
723 664 748 724 sl
764 662 833 742 quid
848 672 1012 742 peccatum
1028 665 1098 741 siet,

192 752 296 812 secisse
311 751 391 811 dicas
405 749 441 812 de
457 766 521 811 mea
536 748 692 809 sententia.

192 854 304 908 rernm,
318 845 353 897 ut
366 853 422 914 ego
437 835 553 914 opinor,
569 834 593 894 si
610 852 664 913 ego
680 834 710 894 in
724 833 799 894 istoc
813 832 868 893 sim
883 833 965 908 loco,

194 922 260 982 dem
275 921 375 1001 potius
390 938 494 981 numm
509 936 598 998 quam
614 919 694 979 illum
710 918 861 997 corrumpi
876 919 986 979 sinam.
1158 931 1205 982 1040

192 1007 268 1067 duae
283 1005 474 1067 condiciones
488 1013 573 1066 sunt:
588 1014 622 1064 tu
637 1012 733 1064 utram
749 1004 876 1083 accipias
889 1003 973 1064 vide:

193 1092 238 1153 vel
254 1099 287 1151 ut
301 1108 405 1150 aurum
420 1089 526 1169 perdas
541 1090 586 1150 rel
601 1097 635 1150 ut
649 1097 762 1149 amator
776 1088 915 1168 perieret.

189 1190 249 1255 ¹ego
265 1193 362 1253 neque
378 1184 406 1236 te
420 1175 509 1236 iubeo
525 1193 622 1254 neque
635 1182 702 1234 veto
718 1191 816 1252 neque
831 1175 953 1235 suadeo.

196 1261 259 1321 Nic.
289 1261 408 1321 Miseret
421 1279 468 1320 me
483 1260 569 1320 illins.
615 1259 717 1320 Cunus
747 1259 827 1320 'l'uos
842 1268 900 1333 est,
921 1278 985 1320 non
1003 1260 1118 1321 mirum
1133 1260 1203 1321 lacis.

193 1345 218 1407 si
232 1346 300 1427 plus
315 1344 538 1425 perdundumst,
554 1345 583 1406 id
599 1344 721 1424 periisse
736 1344 826 1405 satius
841 1352 895 1418 est,
1156 1355 1204 1406 4045

194 1450 283 1510 quam
299 1430 370 1491 illud
385 1430 527 1509 llagitium
543 1431 629 1509 volgo
644 1429 848 1509 dispalescere.

194 1516 256 1577 Nic.
288 1517 330 1578 Ne
345 1516 393 1576 ille
409 1515 513 1595 edepol
530 1514 638 1595 Ephesi
655 1515 747 1575 multo
762 1514 913 1574 mavellem
929 1514 1021 1589 foret,

193 1601 263 1662 dum
279 1602 374 1663 salvos
388 1611 473 1674 esset,
489 1619 578 1680 quam
594 1601 755 1661 revenisset
770 1599 900 1660 domum.

194 1687 265 1766 quio
283 1691 339 1765 ego
354 1687 420 1747 istic
435 1686 514 1765 quod
530 1684 746 1766 perdundumst
761 1702 891 1764 propero
906 1683 1062 1762 perdere?

194 1771 281 1833 binos
297 1773 441 1832 ducentos
456 1771 609 1851 Philippos
625 1771 680 1831 iam
697 1770 777 1832 intus
794 1770 931 1842 coleram,
1158 1780 1205 1831 4050

193 1865 223 1917 et
237 1856 322 1917 militi
338 1875 413 1936 quos
428 1856 539 1917 dudum
555 1855 678 1935 promisi
694 1855 783 1917 miser

193 1949 224 2002 44
240 1942 320 2003 14404.
352 1959 438 2002 mane
454 1941 528 2015 istic,
545 1942 603 2001 iam
618 1959 691 2001 exeo
707 1941 741 2001 ael
756 1950 796 2013 te,
813 1939 961 2019 Chrysalo.
979 1974 1024 1986 ·-

195 2025 297 2087 Cnnrs.
328 2026 374 2086 Fit
388 2034 466 2086 vasta
482 2026 580 2100 Troia,
596 2025 738 2087 scindunt
750 2043 890 2122 proceres
905 2024 1102 2104 Pergamum.
1192 2075 1195 2079 .

192 2110 263 2172 scivi
279 2130 334 2190 ego
350 2112 405 2172 iam
422 2111 532 2171 dudum
547 2112 611 2171 lore
627 2129 674 2171 me
689 2110 808 2170 exitium
826 2109 980 2189 Pergamo.

193 2197 300 2276 edepol
315 2197 366 2275 qui
382 2215 429 2257 me
444 2215 508 2257 esse
523 2194 600 2256 dicat
613 2196 746 2256 cruciatu
765 2195 842 2255 malo
1159 2203 1205 2255 1054

194 2280 326 2361 dignum,
343 2300 381 2341 ne
396 2300 451 2361 ego
467 2299 535 2341 cum
550 2281 599 2341 illo
615 2281 724 2361 pignus
739 2281 816 2341 haud
833 2279 926 2340 ausim
942 2279 1034 2353 dara;

194 2375 317 2428 tantast
305 2367 447 2429 turbellas
463 2367 547 2427 lacio
578 2367 629 2427 sed
645 2367 762 2446 crepuit
777 2365 861 2426 loris:

194 2452 287 2512 eclert
275 2462 325 2513 tur
339 2453 446 2531 praeda
463 2471 498 2512 ex
514 2452 612 2512 Troia.
643 2460 753 2512 taceam
770 2450 919 2511 nunciam.

194 2536 257 2596 Nic.
289 2535 366 2616 Cape
381 2537 438 2597 hoc
450 2536 502 2596 tibi
518 2555 632 2609 aurum,
649 2536 803 2616 Chrysale;
818 2535 837 2609 i,
852 2536 897 2596 ler
911 2534 983 2595 fillo.

194 2638 249 2699 ego
266 2622 300 2680 ad
317 2622 414 2680 lorum
430 2629 528 2681 autem
543 2621 614 2680 hinc
629 2621 688 2693 ibo,
704 2629 737 2682 ut
751 2621 861 2682 solvam
877 2620 970 2680 militi.
1158 2629 1205 2680 400

195 2699 309 2790 [Cunus.
340 2705 405 2766 Non
423 2705 559 2784 equidem
573 2707 724 2786 accipiam.
751 2706 837 2786 proin
854 2716 886 2766 tu
902 2723 1039 2784 quaeras
1057 2708 1114 2785 qui
1130 2708 1204 2767 leret.

195 2790 264 2851 nolo
280 2809 335 2870 ego
351 2791 390 2850 mi
407 2790 496 2852 credi.
541 2791 604 2851 Nm.
635 2790 712 2871 Cape
728 2810 807 2865 vero,
823 2790 923 2852 odiose
939 2786 1035 2875 lacis]

196 2874 297 2936 Cnnns.
321 2877 384 2936 Non
398 2877 533 2955 equidem
547 2877 667 2957 capiam.
712 2878 775 2938 Nic.
799 2879 964 2956 Atquaeso.
1006 2876 1117 2939 Cunus,
1140 2876 1204 2938 [lico

484 2970 516 3022 ut
531 2980 578 3024 res
593 2981 624 3023 se
639 2961 737 3023 habet.

194 3045 255 3106 Nic.
286 3045 409 3106 hlorare.
453 3045 554 3107 Cunus.
586 3046 675 3120 Nolo,
692 3047 830 3126 inquam,
846 3064 949 3107 aurum
966 3047 1115 3108 concredi
1131 3045 1204 3107 mihi.

193 3131 238 3192 vel
253 3131 288 3192 da
304 3131 440 3210 aliquem,
458 3131 508 3210 qui
523 3150 570 3193 me
585 3142 691 3194 servet.
735 3133 797 3193 lllrc.
830 3130 937 3192 Odiosc
952 3130 1034 3191 lacis.
1155 3140 1204 3192 rou

135 3367 137 3371 .
218 3319 283 3373 4035
301 3332 345 3370 44
333 3318 451 3381 444443,
470 3318 593 3369 4444443
664 3319 728 3371 1038
747 3317 778 3369 de
796 3332 837 3370 me
856 3331 910 3367 mea
928 3313 1020 3379 Bnffl,
1040 3314 1072 3368 de
1092 3333 1150 3370 mea
1169 3331 1205 3368 4444

130 3385 164 3438 0¹
250 3387 316 3439 1039
334 3385 390 3436 Ν44.
406 3357 576 3452 4444414443
676 3388 787 3439 1041444
804 3390 888 3437 utrem
905 3383 1057 3448 Acidaliae]
1076 3389 1163 3438 nlram
1181 3391 1205 3437 lu

134 3456 198 3507 1042
217 3454 321 3520 perdam
338 3452 374 3504 Bb
390 3454 526 3516 (Brachm.
545 3453 601 3506 147
612 3454 674 3508 adn.
692 3455 789 3517 1444)
869 3452 981 3519 periuret
1068 3456 1139 3509 1043
1158 3453 1203 3505 Gru.

100 3511 298 3603 ’4444444443
385 3521 548 3574 1044144144
567 3522 601 3572 3ι
689 3524 752 3574 1045
772 3520 971 3588 *perdundumst
988 3517 1204 3639 ld1perrlnndum

131 3591 166 3642 414
234 3590 397 3650 suaviustB,
416 3591 520 3643 suarius
537 3594 577 3642 444
597 3591 650 3656 CI),
668 3605 737 3642 corr.
756 3590 880 3654 Scaliger
950 3590 1016 3642 1046
1034 3589 1157 3642 14444443

133 3661 206 3711 1041.
227 3660 292 3711 1048
310 3673 361 3709 om.
379 3658 414 3708 31
501 3661 566 3711 1049
584 3657 645 3726 quid
664 3673 713 3724 ego
731 3658 787 3721 BD,
806 3656 866 3725 qnid
886 3656 988 3721 ergou
1070 3672 1205 3726 properem

134 3726 187 3791 33,
205 3724 358 3808 properet),
383 3741 452 3778 4444.
475 3726 604 3778 Gruterus
709 3728 773 3779 1050
792 3725 921 3805 philippos
939 3724 1125 3777 ducentos·
1083 3727 1125 3776 B·

133 3795 200 3846 1054
216 3795 295 3847 exitio
312 3792 472 3845 3444444344
543 3792 1116 3859 10604411144444(44.4441414414444444444444
1132 3795 1206 3848 3444-

129 3861 209 3911 dinus
312 3863 384 3914 1061
406 3863 471 3916 1062
490 3862 700 3930 dittographa'em
718 3864 831 3926 agnovit
847 3862 1051 3913 Brachmunnua
1069 3861 1125 3918 148

133 3930 199 3982 1002
211 3942 281 4014 ego
273 3929 370 3981 444443
381 3930 583 3994 (3444444140)
648 3931 749 3981 Charis.
762 3929 826 3982 209
821 3928 883 3980 Pl.
876 3944 902 3981 444
915 3929 1009 3981 344414.
1020 3922 1124 3983 odiose
1138 3931 1206 3996 14414,

130 3991 281 4066 ceperero'
353 3998 418 4049 1005
435 3998 519 4051 vel—
529 4003 614 4050 seriel
627 4013 677 4050 om
690 3997 734 4050 01)
802 3997 892 4050 odiose
906 3996 1033 4065 Goyatus]
1053 3998 1104 4051 ohe
1118 3999 1207 4054 odiose

130 4246 139 4263 '
196 4266 301 4304 Α
