2594 4576
367 800 562 862 Lluauvs
606 802 920 866 DEMAENETVS

106 955 167 1015 Lm.
202 955 284 1016 Sicut
299 963 381 1015 tuom
396 953 439 1015 vis
455 954 577 1015 unicum
593 963 714 1032 gnatum
730 964 797 1017 tuae

106 1058 260 1120 superesse
275 1040 349 1101 ritae
364 1039 504 1118 sospitem
521 1047 550 1100 et
565 1039 763 1119 superstitem,

106 1124 145 1184 ita
161 1125 209 1184 ted
225 1125 355 1187 obtestor
370 1143 425 1204 per
440 1134 623 1186 senectutem
638 1133 718 1185 tuam

106 1226 220 1288 perque
234 1209 321 1284 illam,
338 1228 426 1289 quam
440 1217 473 1270 tu
488 1209 605 1284 metuis,
621 1228 744 1271 uxorem
760 1219 855 1271 tuam:

106 1293 130 1355 si
146 1293 217 1373 quid
231 1295 299 1354 med
314 1313 383 1374 erga
398 1294 485 1356 hodie
500 1295 605 1356 falsum
623 1295 742 1369 dixeris,

105 1386 139 1440 ut
153 1379 207 1439 tibi
221 1387 372 1459 superstes
386 1397 462 1441 uxor
477 1389 600 1441 aetatem
617 1380 672 1441 siet

106 1471 195 1543 atque
210 1463 257 1524 illa
272 1463 333 1524 viva
349 1464 428 1526 vivos
442 1474 475 1525 tu
491 1473 604 1543 pestem
621 1472 753 1544 oppetas

106 1547 181 1609 Dru.
212 1549 267 1610 Per
282 1548 369 1609 Dium
384 1548 499 1610 Fidium
515 1550 648 1628 quaeris:
665 1549 760 1610 iurato
775 1547 847 1609 mihi

105 1633 189 1694 video
205 1651 326 1695 necesse
341 1653 404 1696 esse
420 1633 519 1713 eloqui
534 1633 676 1713 quidquid
692 1652 789 1713 roges.

106 1717 145 1778 ita
160 1737 207 1780 me
223 1718 370 1780 obstinate
386 1719 562 1799 adgressu’s,
578 1727 610 1780 ut
626 1738 688 1780 non
706 1717 829 1780 audeam

105 1804 248 1882 proiecto,
264 1804 453 1882 percontanti
468 1804 539 1882 quin
556 1822 692 1882 promam
708 1802 824 1878 omnia3

105 1888 231 1967 proinde
246 1895 378 1949 actutum
394 1888 469 1949 istuc
485 1887 554 1967 quid
570 1888 607 1949 sit
623 1890 702 1967 quod
717 1890 795 1951 scire
810 1886 922 1967 expetis

106 1973 260 2052 eloquere:
278 1980 310 2032 nt
325 1973 388 2052 ipse
403 1971 495 2047 scibo,
511 1980 540 2033 te
555 1973 660 2034 faciam
675 1982 708 2035 ut
723 1974 808 2036 scias.

106 2057 169 2117 Lm.
200 2057 253 2119 Dic
269 2057 393 2119 obsecro
408 2057 508 2118 hercle
524 2057 600 2119 serio
617 2060 696 2136 quod
711 2067 742 2120 tc
756 2075 868 2138 rogem,

106 2142 261 2203 caremihi
276 2142 411 2205 mendaci
428 2142 595 2222 quicquam.
639 2144 714 2205 Dru.
746 2142 825 2215 Quin
841 2150 875 2203 tu
891 2159 962 2220 ergo
977 2141 1091 2222 rogas?
1159 2157 1187 2208 3)

106 2226 167 2287 Lm.
197 2227 275 2287 Num
289 2247 337 2289 me
353 2229 422 2289 illuc
439 2227 530 2303 dacio,
546 2227 598 2288 ubi
614 2228 687 2307 lapis
702 2228 826 2308 lapidem
842 2223 934 2288 terit‘l

105 2312 180 2373 Dnn.
212 2312 289 2383 Quid
304 2313 380 2375 istuc
395 2310 458 2374 est?
474 2320 525 2374 aut
539 2311 591 2373 ubi
606 2313 683 2374 istuc
699 2321 743 2375 est
757 2318 904 2373 terrarum
919 2308 999 2372 loci?

104 2396 166 2457 Lm.
199 2392 265 2480 [Vbi
279 2397 352 2458 flent
367 2415 493 2476 nequam
510 2397 657 2472 homines,
673 2397 724 2477 qui
739 2398 889 2476 polentam
904 2392 1092 2480 pinsitant.]'

106 2483 183 2560 apud
199 2481 396 2557 fustitudinas,
412 2481 621 2562 ferricrepinas
637 2483 757 2557 insulas,

105 2564 157 2627 ubi
172 2566 251 2627 viros
265 2566 402 2628 homines
418 2567 526 2627 mortui
541 2567 695 2629 incursant
710 2567 809 2628 boves.

106 2650 180 2711 Dru.
211 2649 298 2711 Modo
314 2651 366 2730 pol
380 2651 509 2731 percepi,
525 2650 648 2727 Libane,
666 2652 736 2732 quid
752 2653 827 2713 istuc
842 2651 880 2713 sit
894 2650 967 2712 loci':

106 2734 158 2796 ubi
173 2736 206 2796 fit
220 2736 350 2815 polenta,
366 2745 396 2798 tc
411 2737 534 2797 fortasse
549 2735 658 2798 dicere.
702 2737 764 2798 Lm.
796 2737 849 2811 Ah,

106 2838 204 2898 neque
219 2820 319 2881 hercle
334 2839 389 2901 ego
405 2821 480 2883 istuc
496 2821 561 2882 dico
579 2840 635 2882 nec
651 2821 764 2884 dictum
781 2822 856 2896 volo,

104 2913 194 2983 teque
210 2904 333 2966 obsecro
349 2907 448 2968 hercle
463 2914 496 2966 ut
511 2924 587 2984 quae
601 2906 728 2968 locutu’s
744 2906 879 2985 despuas.

105 2989 180 3050 unu.
212 2988 283 3065 Fiat,
299 2999 419 3069 geratur
433 3009 498 3052 mos
513 2989 577 3052 tibi.
620 2992 682 3052 Lm.
714 2992 775 3071 Age
791 3009 843 3070 age
859 3008 954 3069 usque
971 3006 1086 3051 excrea.
1159 3000 1188 3052 tu

106 3073 180 3135 Dnu.
210 3073 368 3136 Etiamne?
411 3076 475 3136 Lm.
505 3074 566 3154 rige
592 3093 702 3154 quaeso
717 3075 816 3137 hercle
832 3093 927 3155 usque
943 3093 980 3136 ex
994 3073 1106 3153 penitis
1123 3075 1187 3137 fau·

462 3159 556 3222 cibus.
652 3191 654 3196 ·

172 3324 280 3376 Lmauvs
290 3338 385 3376 snavrs
395 3340 543 3377 onmunrvs
556 3326 691 3391 (remmus
701 3325 746 3390 13¹)
758 3339 836 3376 snunx
844 3325 901 3388 ΒΕ,
915 3340 965 3376 om.
975 3324 1000 3374 Ι)
1055 3326 1086 3378 18
1098 3325 1187 3380 omdi

106 3395 132 3443 te
149 3391 180 3458 B,
200 3397 225 3444 te
244 3391 307 3444 deos
325 3392 411 3443 lulius
428 3393 590 3456 Rufinianus
678 3397 709 3447 19
728 3397 754 3446 tu
773 3409 824 3444 om.
842 3393 920 3443 pap.
1012 3392 1045 3443 20
1063 3406 1130 3458 ergo
1147 3393 1187 3445 u·

105 3459 213 3512 hocedie
231 3459 391 3512 racemum
469 3462 501 3513 22
520 3465 547 3513 et
563 3465 663 3528 pestem
682 3464 789 3528 oppetat
805 3461 911 3513 Nonius
987 3461 1019 3513 23
1038 3459 1117 3512 deum

107 3543 200 3593 quaere
218 3526 394 3596 Niemeperus
412 3529 479 3580 Pln'l.
494 3529 684 3582 Woelmasclzr.
698 3531 721 3595 1,
730 3530 762 3580 41
833 3531 875 3583 23.
886 3531 919 3581 24
932 3527 982 3580 del.
993 3527 1187 3581 Fleckeisenm

107 3596 139 3647 26
157 3597 333 3663 percunctanti
404 3597 436 3648 30
453 3596 610 3649 mendatium
627 3597 653 3646 D
722 3598 763 3648 32.
782 3599 814 3650 33
829 3596 973 3662 postud7
990 3597 1030 3647 sic
1049 3599 1188 3649 iterantur

105 3664 135 3713 ia
154 3663 243 3715 codd„-
262 3662 323 3731 quid
341 3664 408 3715 istuc
425 3664 505 3728 (istud
521 3664 579 3730 Bu)
597 3667 644 3716 est.
680 3669 725 3716 ant
737 3665 782 3716 ubi
799 3665 867 3717 istnc
885 3664 919 3716 sit
936 3678 1037 3730 nequeo
1056 3663 1187 3731 noscere!

105 3730 150 3781 ubi
168 3730 232 3782 flent
250 3747 361 3799 nequam
380 3731 497 3784 homines
515 3731 558 3798 qui
577 3731 708 3798 polentam
727 3732 851 3798 pinsitant
967 3734 1000 3785 32
1018 3735 1064 3784 aut
1080 3731 1130 3785 ubi
1148 3736 1188 3785 eat

106 3797 172 3849 istuc
191 3798 368 3864 Camerarius,
387 3797 422 3860 cf.
441 3799 599 3851 Ribbeckius
616 3799 651 3851 M.
670 3798 719 3853 Ru.
737 3800 779 3865 37,
797 3800 831 3853 60
900 3802 932 3852 33
952 3799 1001 3851 dcl.
1020 3799 1068 3851 LG
1140 3800 1187 3853 lio·

105 3865 188 3918 mines
206 3880 315 3933 nequam
333 3868 371 3919 Β(ι
446 3867 589 3934 pransitant
606 3867 707 3918 B¹D⁶E
780 3871 813 3920 34
831 3867 975 3921 iustidnnas
992 3868 1018 3918 E
1088 3869 1124 3921 36
1143 3882 1188 3935 pe·

106 3934 219 4000 perciIl
287 3936 319 3987 37
338 3933 369 3985 iit
381 3950 430 3988 om.
442 3936 478 3987 B¹
547 3936 594 3986 ahc
611 3935 669 3996 BD,
686 3935 734 3987 hac
751 3936 788 3987 E¹
858 3938 889 3989 38
909 3935 1019 4002 ergoB²
1088 3935 1189 4006 39an

107 4001 144 4051 B¹
213 4003 245 4056 41
264 4003 389 4054 hocloco
408 4020 430 4069 s,
446 4007 507 4070 post
525 4019 548 4056 o.
566 4004 600 4056 55
618 4003 692 4054 BDL'
