2594 4576
98 256 265 320 tusus-rr
274 269 293 321 1.
303 270 328 312 rs
556 251 709 306 ASlNARtA
1125 256 1165 316 81

97 431 216 488 nostros
231 425 378 506 dispulsos
393 425 536 505 conpulit.
581 424 670 486 Lnon.
701 425 851 503 [Patierim
867 425 1056 508 Argyrippo]¹

95 516 212 582 primm
226 513 304 572 hanc
320 511 477 591 amplexari
494 508 599 572 tuomi
642 511 713 571 Ano.
736 510 814 572 Haec
826 510 911 572 faciet
921 513 1005 575 tacile
1017 524 1052 574 ut
1060 515 1164 594 patiar.

94 583 236 670 Leonida,
252 615 340 658 curre
356 596 489 670 obsecro,
505 605 620 676 patrem
633 597 692 657 huc
707 605 789 658 orato
803 604 837 657 ut
851 597 956 659 veniat.
1121 611 1165 662 tto

93 668 187 744 hon.
217 682 276 743 lam
292 682 432 744 dudumst
446 682 535 744 intus.
579 680 650 743 Aue.
673 681 735 744 Hac
750 682 867 761 quidem
880 684 1042 745 nonrcnit.
1072 685 1163 747 Lucu.

449 767 614 847 Angiporto

87 844 161 912 illac
176 870 231 931 per
244 851 364 912 hortum
380 852 492 913 circum
508 852 540 912 iit
555 851 638 927 clam,
656 871 694 913 ne
710 851 776 930 quis
792 872 824 913 se
839 854 951 916 rideret

87 928 152 998 linc
168 936 212 999 ire
226 937 428 998 familiarium:
447 957 486 998 ne
500 956 577 998 uxor
591 938 730 999 resciscat
744 938 857 999 metuit.

87 1021 127 1082 de
142 1031 270 1102 argento
286 1023 311 1084 si
325 1031 419 1084 mater
433 1032 482 1083 tua
498 1023 570 1084 sciit
584 1032 617 1084 ut
631 1023 669 1083 sit
683 1024 793 1083 lactum
808 1055 850 1067 -
892 1023 964 1084 Ano.
994 1024 1076 1097 Heia,

87 1102 283 1169 benedicite.
328 1108 390 1169 Lm.
419 1108 463 1169 lte
477 1108 556 1169 intro
572 1108 640 1169 cito.
684 1110 755 1168 Ano.
786 1107 894 1169 Valete.
938 1109 1029 1171 Lnon.
1059 1109 1097 1171 Et
1110 1129 1161 1172 vos

448 1200 551 1254 amate.
1118 1206 1161 1256 tto

362 1428 592 1491 lllABOLVS
636 1429 891 1493 PARASlTVS
1079 1431 1117 1493 lV
1142 1437 1156 1496 1

87 1533 172 1595 brun.
202 1531 335 1610 Agedum
350 1533 436 1594 istum
453 1533 575 1594 ostende
597 1552 685 1612 quem
706 1534 880 1614 conscripsti
894 1536 1095 1614 syngraphum

87 1626 169 1679 :nter
183 1636 231 1678 me
246 1626 276 1678 et
290 1617 413 1679 amicam
429 1626 459 1678 et
472 1618 580 1679 lenam.
610 1619 690 1698 leges
704 1619 826 1698 pellege.

87 1721 157 1764 nam
173 1711 207 1764 tu
221 1711 309 1783 poeta
324 1722 355 1765 es
370 1721 493 1784 prorsus
508 1703 544 1763 ad
559 1721 624 1763 eam
639 1722 702 1764 rem
716 1705 832 1765 unicus.

87 1788 158 1851 len.
190 1787 351 1850 Horrescet
365 1789 431 1850 laxo
446 1789 523 1860 lena,
539 1788 619 1868 leges
635 1806 725 1868 quom
739 1788 846 1850 audiet

87 1873 171 1935 Dran.
207 1875 269 1954 Age
290 1892 397 1953 quaeso
419 1875 459 1934 mi
479 1873 578 1934 hercle
600 1875 756 1954 translege.
806 1874 874 1939 Pru
913 1872 1032 1935 Audin?
1075 1875 1156 1937 llus.

443 1958 547 2020 Audio.
1114 1973 1157 2023 tbd

87 2043 156 2106 ,³nn.
184 2034 337 2105 ‘Diabolus
352 2043 454 2105 Glauci
469 2043 546 2105 lilius
562 2043 726 2105 Cleaeretae

87 2131 170 2190 enat
186 2128 265 2188 dedit
280 2128 358 2190 dono
374 2129 490 2209 argenti
503 2129 608 2209 viginti
622 2129 727 2200 minas,

87 2213 272 2274 lhilaenium
287 2221 320 2274 ut
334 2233 433 2276 secum
450 2222 527 2276 esset
542 2222 646 2274 noctes
662 2222 691 2274 ct
705 2213 767 2273 dies

86 2316 166 2360 runc
182 2317 293 2359 annum
310 2290 423 2361 totum.²
471 2300 551 2361 nuo.
581 2300 683 2377 Neque
699 2317 766 2358 cum
781 2298 922 2377 quiquam
937 2298 994 2359 alio
1010 2299 1137 2377 quidem.

87 2384 154 2445 'Am
180 2382 326 2444 Addone?
369 2384 450 2445 llun.
477 2386 567 2458 Adde,
583 2393 613 2445 et
623 2383 734 2445 scribas
745 2383 809 2444 ride
823 2384 911 2464 plane
926 2392 956 2445 et
966 2383 1069 2463 probe.
1112 2396 1154 2445 555

87 2470 154 2530 ’mc
180 2462 333 2530 ‘Alienum
346 2470 497 2531 hominem
512 2470 591 2530 intro
606 2470 702 2530 mittat
717 2469 875 2530 neminem.

87 2554 162 2634 {uod
179 2553 228 2614 illa
243 2559 293 2615 adt
307 2555 433 2616 amicum
448 2563 498 2616 aut
512 2564 671 2634 patronum
688 2555 829 2629 nominet,

87 2648 131 2702 rut
147 2638 229 2719 qubd
243 2639 292 2700 illa
307 2640 417 2702 amicae
432 2642 523 2718 [suae]
538 2649 696 2701 amatorem
712 2640 871 2719 praedicet,

87 2732 163 2786 ores
177 2723 319 2787 occlusae(
329 2725 467 2786 omnibus
482 2726 542 2786 sint
557 2725 614 2787 nisi
629 2725 692 2786 tihi.

87 2829 107 2871 n
125 2808 244 2870 loribus
258 2809 368 2871 scribat
382 2818 555 2890 occupatam
570 2829 633 2872 esse
648 2829 689 2872 se.

87 2902 130 2957 ‚ut
148 2894 228 2973 quod
243 2895 291 2956 illa
307 2896 385 2956 dicat
398 2914 522 2976 peregre
537 2895 651 2956 allatam
668 2894 832 2975 epistulam,

87 2998 115 3042 re
135 2979 261 3058 epistula
277 2981 396 3060 quidem
411 2981 470 3043 ulla
485 2981 569 3042 sitin
584 2980 705 3042 aedibus

87 3083 137 3127 rec
152 3073 250 3125 cerata
265 3067 337 3127 adeo
352 3066 460 3127 tabula.
490 3066 560 3128 etsi
576 3085 633 3145 qua
648 3064 760 3127 inutilis

165 3199 216 3250 738
234 3197 308 3266 disp]
327 3198 468 3267 discipulos
486 3201 519 3264 Ι),
538 3205 565 3251 et
582 3199 711 3265 dispulsos
729 3199 768 3250 E⁰
847 3199 905 3251 738.
924 3198 973 3250 739
990 3197 1098 3262 patierin
1117 3226 1148 3235 -

87 3281 150 3319 nom
172 3280 222 3318 om.
233 3268 324 3330 codd.,·
340 3268 445 3333 patieris
456 3268 517 3334 Arg.
527 3269 658 3333 Angelius
669 3266 802 3334 supplevit
816 3266 933 3332 (patierin
942 3265 1148 3329 Fleckeisenue);

87 3376 95 3389 .
119 3333 174 3386 739
193 3335 267 3388 codd.
285 3339 370 3386 totum
388 3339 513 3388 cobibent
526 3341 590 3402 post
605 3334 691 3389 5760
760 3335 835 3387 facile
853 3335 930 3386 lactet
948 3333 1072 3384 Baitero
1091 3333 1148 3384 loco

87 3405 127 3456 40
146 3417 221 3454 curre
239 3419 263 3455 o.
282 3403 393 3455 Leonida
411 3403 556 3456 Muellerus
623 3404 665 3455 hic
681 3404 713 3454 13¹
784 3407 832 3457 741
850 3404 914 3456 Ano.
931 3401 1079 3467 Acidaliae,
1099 3416 1148 3453 om.

87 3471 154 3524 odd.
217 3473 266 3522 742
275 3471 387 3524 *circum
395 3471 435 3536 iit]
450 3473 544 3525 circum
557 3472 644 3536 iculi,
662 3472 808 3523 circumitB
868 3470 961 3522 viderit
1020 3471 1068 3521 745
1077 3471 1149 3519 inter

88 3554 207 3591 ersonm
225 3539 364 3590 distribuit
379 3542 479 3592 Pareae
547 3542 597 3593 746
616 3539 741 3591 Dmnonvs
758 3553 914 3591 monnsenus
932 3539 1098 3601 (invenscnus
1114 3538 1148 3600 E)

87 3620 216 3660 mesmes
234 3607 289 3672 bn,
311 3623 362 3660 om.
380 3609 406 3658 D
473 3608 647 3674 conscripsisti
716 3611 765 3661 747
784 3609 884 3674 pellege
902 3610 1015 3655 testetur
1033 3606 1148 3656 Priscia-

87 3693 127 3728 rue
145 3675 261 3742 (perlege
279 3676 361 3742 BDE)
443 3679 491 3730 751
511 3676 593 3728 eleuci
661 3677 817 3729 cleaeraetae
835 3676 881 3738 lle,
900 3675 1041 3725 cleaeratae
1058 3671 1147 3738 DAOE),

87 3745 221 3797 laceratae
238 3744 262 3794 B
331 3746 380 3797 752
398 3743 468 3796 dedit
485 3744 558 3797 lenae
576 3746 744 3796 Abrotonum
759 3750 792 3795 st.
810 3745 847 3795 Pl.
859 3742 910 3795 212
978 3745 1028 3795 755
1046 3740 1094 3793 ede
1111 3743 1147 3793 Ba

87 3811 237 3882 perscribas
307 3816 355 3865 756
374 3814 510 3865 homonem
527 3813 693 3879 Speogolius,
711 3813 745 3875 ef.
765 3812 822 3864 775.
835 3811 885 3864 779
954 3809 1050 3873 [adse]
1069 3811 1147 3863 nemi·

88 3895 135 3934 em
152 3880 267 3948 151αά5
357 3884 405 3934 757
425 3882 533 3933 amicum
551 3884 643 3945 [suom]
661 3881 807 3932 Lambinus
895 3878 1009 3930 nominet
1024 3879 1147 3947 Pylades]

88 3949 205 4002 eminem
274 3950 322 4002 758
342 3953 422 4013 [suae]
442 3949 598 4000 Gulielmius
667 3952 716 4002 759
735 3949 808 4012 [eius]
827 3947 944 4000 omnibus
961 3946 1147 3998 1775555555

87 4020 127 4071 60
145 4019 297 4083 occupatam
316 4018 384 4080 [iam]
402 4017 588 4069 Flecbei'senue
657 4019 706 4069 752
724 4016 776 4067 5115
794 4016 897 4084 quidem
915 4016 941 4067 E

125 4101 222 4143 Plautus
231 4100 248 4142 1.
925 4103 941 4153 6
