2594 4576
128 254 188 313 118
605 249 725 303 PLAVll
1081 266 1199 317 nee-u

127 427 232 508 ecquid
250 424 334 506 egis?
378 427 483 488 Smne.
515 424 591 496 Quid
606 420 714 503 egem?
757 421 843 483 Erec.
874 422 1008 484 Auferre
1031 442 1092 484 nou
1116 431 1197 503 potes.

484 510 590 571 Smne.
620 507 696 579 Quid
712 507 755 568 vis
770 505 844 568 cinit

126 597 214 657 Evcn.
237 597 328 657 Pone.
373 597 479 658 Srnoe.
496 594 527 655 ld
543 593 661 672 quidem
673 593 774 673 pelte,
790 593 899 667 datare,
912 593 1009 654 credo
1021 602 1196 661 consuetum

484 698 584 741 senex.

126 766 214 828 Erec.
245 767 326 827 Pone
341 767 398 827 hoo
414 765 463 840 sis,
479 766 563 825 auter
578 762 719 836 cavillam,
735 781 796 823 non
813 779 869 841 ego
884 779 969 823 nunc
986 781 1087 843 nugas
1102 779 1162 842 ego.

126 852 233 914 Senon.
270 850 347 922 Quid
369 868 425 930 ego
445 847 579 929 ponam?
602 848 674 926 quin
696 856 729 909 tu
755 847 895 927 eloquere
916 847 1066 927 quidquid
1090 857 1134 910 est
1151 865 1195 909 suo

483 952 614 995 nomme.

50 1044 80 1111 q
127 1040 187 1082 non
200 1021 300 1082 hercle
312 1019 449 1098 equidem
460 1019 618 1098 quicquam
630 1017 743 1096 sumpsi
755 1035 811 1078 nee
823 1016 915 1096 tetigi.
960 1015 1055 1078 Escn.
1078 1016 1197 1080 Ostende

482 1105 672 1165 boemanos.
1162 1112 1199 1162 en

126 1190 233 1252 Smne.
260 1189 314 1250 Em
327 1188 391 1263 tibi,
406 1189 522 1251 ostendi
536 1207 628 1250 eooes.
673 1186 760 1247 Escn.
790 1184 889 1246 Video.
912 1202 967 1264 ege
979 1186 1111 1248 ostende
1123 1188 1197 1248 etiem

482 1273 609 1335 tertiam.

126 1361 233 1422 Senon.
257 1359 368 1421 lernae
380 1355 757 1438 hunoetqueintemperiae
770 1355 963 1437 insaniaeque
970 1355 1198 1435 agitentsenem.

125 1445 203 1506 tanin
216 1445 354 1506 iniuriam
365 1444 436 1505 mihi
448 1461 484 1504 en
504 1442 587 1505 noni
617 1442 705 1503 Evcn.
723 1440 797 1512 Quin
811 1440 1014 1519 monendos,
1030 1459 1199 1503 maxumam.

127 1538 215 1608 atque
230 1530 259 1591 id
276 1548 395 1609 quoque
409 1529 466 1590 inm
483 1531 549 1601 liet,
569 1529 625 1589 nisi
641 1529 744 1588 latere.
789 1527 895 1588 Senon.
925 1523 1006 1596 Ouid
1023 1527 1119 1588 ieteer
1133 1525 1199 1588 tibi?

126 1615 214 1677 Evcn.
245 1614 321 1686 Quid
338 1614 481 1676 abstulisti
497 1611 591 1674 hinc?
635 1613 741 1674 Senon.
756 1611 806 1707 ‘lli
821 1629 868 1671 me
883 1610 1028 1690 perdent,
1050 1611 1076 1673 si
1092 1629 1149 1691 ego
1163 1612 1199 1673 tui

127 1785 193 1846 nive
208 1785 281 1845 adeo
292 1785 447 1848 abstulisse
458 1696 870 1860 vqusslqlquoqnvqlhnstqlqedm
881 1780 1061 1842 excutedum
1073 1707 1200 1861 pellinis?

126 1869 232 1930 Srnoe.
264 1869 328 1930 Tuo
343 1869 496 1931 arbitratu.
539 1868 626 1928 Eece.
656 1867 699 1927 Ne
715 1867 794 1927 inter
803 1865 921 1927 tunicas
931 1865 1053 1928 habeas
1099 1867 1199 1928 Senos.

482 1953 606 2033 Tempta
621 1970 679 2032 qua
693 1951 785 2013 lubet.

126 2036 213 2098 Esou.
245 2038 315 2108 Vah,
331 2039 481 2113 scelestus,
497 2056 586 2117 quem
601 2037 747 2115 benigoe3
762 2045 796 2097 ut
807 2055 844 2096 ne
856 2035 1012 2097 abstulisse
1023 2036 1198 2118 intellegam.

127 2123 195 2184 novi
210 2125 427 2204 sycophantias.
458 2119 537 2208 [ege]
553 2142 606 2203 age
618 2140 735 2184 rursum
751 2121 874 2183 ostende
889 2121 947 2181 hue
963 2138 1088 2183 menum

127 2208 285 2270 dexteram.
330 2210 436 2271 Senon.
466 2208 531 2270 Em.
574 2208 661 2268 Evcn.
691 2207 778 2267 Nune
792 2206 900 2267 loevam
917 2205 1053 2268 ostende.
1099 2209 1199 2270 Senon.

483 2294 562 2366 Quin
579 2293 714 2372 equidem
731 2292 832 2352 ambas
846 2292 977 2371 protero.
1162 2303 1200 2354 cet

126 2376 214 2439 Evcn.
245 2379 303 2440 lom
325 2380 450 2441 serutari
472 2379 565 2440 mitto.
600 2377 689 2439 redde
710 2376 778 2438 huc.
823 2376 929 2437 Senon.
960 2375 1039 2447 Quid
1062 2374 1199 2439 reddam?

483 2463 571 2524 Erec.
601 2463 634 2536 Α,
651 2481 744 2542 nugas
759 2462 830 2541 egis,

126 2548 318 2609 certehabes.
362 2548 468 2610 Senon.
492 2548 593 2609 llebeo
605 2545 684 2628 egoi
696 2547 767 2626 quid
779 2543 896 2608 habeo?
933 2544 1020 2606 Evcn.
1046 2547 1114 2609 Non
1128 2548 1199 2618 dieo,

483 2633 583 2694 audire
599 2632 720 2713 expetis,

126 2715 154 2776 id
170 2735 269 2778 meum
281 2717 422 2796 quidquid
435 2717 525 2780 hebes
537 2719 635 2779 redde.
679 2718 785 2779 Senon.
806 2716 937 2778 lnsanis:
952 2725 1162 2795 perscrutatus
1173 2735 1200 2778 es

126 2808 177 2862 tuo
193 2802 345 2877 arbitratu,
362 2821 460 2882 neque
474 2803 516 2864 tui
532 2822 579 2864 me
595 2803 754 2882 quicquam
768 2801 906 2863 invenisti
921 2819 1023 2881 penes.

126 2884 213 2948 Eece.
243 2888 344 2961 Mene,
368 2907 463 2951 mane.
501 2888 567 2968 quis
588 2889 649 2949 illle
666 2897 712 2948 est
735 2885 837 2948 intus?
859 2887 933 2947 alter
955 2889 1018 2946 eret
1042 2894 1144 2948 tecum
1164 2887 1199 2948 si·

481 2971 566 3034 mul‘l
1162 2980 1199 3032 et

126 3056 200 3135 perii
215 3056 331 3118 hercle:
348 3057 395 3118 ille
412 3076 493 3119 nune
508 3063 588 3120 intus
603 3057 711 3130 turbat,
727 3058 807 3117 hunc
822 3056 846 3117 si
861 3056 962 3117 emitto
978 3055 1051 3117 hinc
1067 3057 1180 3119 abierit.

194 3192 244 3243 636
257 3190 320 3243 haec
329 3190 486 3258 quidcem
537 3191 605 3255 *[de]
618 3191 717 3242 eulerre
769 3193 841 3240 iuter
848 3206 980 3255 personae
992 3190 1135 3243 distribuit
1144 3192 1199 3244 Aet-

126 3259 214 3310 delius
226 3261 291 3325 (ecq.
305 3274 327 3311 e.
338 3259 459 3322 Strolilr}
473 3258 533 3326 quid
544 3289 577 3298 -
586 3263 661 3326 potes
671 3258 811 3310 Euclionis
820 3261 849 3309 in
858 3259 945 3320 codd.)
996 3259 1046 3310 637
1061 3258 1088 3310 id
1100 3259 1199 3326 quidem

125 3329 235 3391 Per-eus]
254 3327 279 3378 di
297 3326 400 3394 quidem
419 3327 509 3386 eodd.;
528 3328 646 3394 equidem
664 3326 812 3391 Acidalr'uc,
830 3324 865 3387 rs.
875 3325 1006 3376 Lucterius
1020 3341 1116 3379 eornm.
1131 3343 1199 3394 pres.

126 3396 147 3460 1,
155 3395 188 3448 21
259 3397 429 3447 dictinctione
445 3398 594 3446 sententiae
610 3411 766 3446 succurrere
781 3394 861 3445 volui.
896 3408 964 3459 pone
975 3409 1074 3445 nomeu
1087 3399 1127 3446 eet
1138 3396 1200 3447 Bue·

127 3464 229 3515 edelero
247 3462 340 3516 Mlid.
349 3464 392 3529 35,
401 3463 453 3517 398
522 3464 571 3516 639
590 3478 651 3528 ergo
670 3463 744 3514 Bell
812 3462 939 3513 Euclioni
956 3461 1083 3528 quidquid
1101 3480 1141 3530 eq.
1158 3463 1200 3514 ad·

124 3533 236 3596 signent
251 3531 326 3583 Bou
394 3534 444 3585 640
462 3545 513 3583 non
532 3531 650 3598 equidem
668 3545 717 3597 ego
736 3545 785 3597 que
805 3530 937 3595 voluptate
955 3531 984 3593 (i.
998 3546 1019 3580 e.
1032 3531 1200 3597 quiequemt

126 3602 161 3662 te)
179 3600 276 3664 sumpsi
289 3614 373 3667 neque
386 3600 458 3667 tetigi
472 3598 638 3652 Noniue396
698 3601 747 3652 641
767 3597 874 3650 ostende
895 3597 928 3646 Βι
989 3598 1038 3649 643
1053 3597 1154 3652 lucisne

126 3667 504 3735 quiaPyladee1seteerquie
574 3668 624 3719 646
642 3667 783 3718 Euclionis
801 3666 850 3716 131)
919 3664 945 3715 ni
964 3665 1038 3716 ned
1110 3667 1200 3720 vellem

126 3738 176 3796 me]
198 3735 339 3786 Muellerus
409 3738 458 3790 649
477 3735 560 3789 noviei
579 3741 739 3802 conpentyes
757 3734 826 3797 ΒΨ,
845 3733 860 3784 ln
879 3749 937 3799 erip.
956 3749 980 3799 p.
1000 3733 1062 3785 edd.
1079 3735 1125 3798 θ’,
1144 3734 1201 3789 noni

126 3801 364 3924 qqqpentqqgilsld
429 3808 500 3922 iim]
515 3804 643 3926 (gqqtziurt
679 3817 805 3920 ιῐιιηιιιιι
818 3805 847 3852 in
860 3817 924 3922 ναὲὲ
925 3801 948 3850 Β
1017 3802 1204 3922 dittsdelqtinlq

125 3936 192 4008 pens
210 3936 262 3986 nu
337 3875 410 3993 ise?
421 3939 490 3991 intus
510 3885 823 4005 Wruiiioiceiiiiiiss
838 3885 879 3989 iic
896 3937 966 3989 intus
995 3885 1116 3992 ”Pedio
1134 3888 1202 3993 nnis

125 4019 193 4062 nunc
213 4003 331 4071 Guyetue
400 4006 459 4058 hinc
477 4008 599 4070 Botliur]
618 4007 659 4059 hie
