2594 4576
509 893 772 978 PRAEFATIO

186 1101 280 1162 Plauti
296 1101 409 1163 labulas
424 1101 530 1162 edendi
546 1101 711 1180 periculum
726 1102 858 1163 lecturus
876 1120 937 1163 non
953 1101 1127 1181 ignorabam
1141 1103 1173 1164 in

99 1187 197 1248 aliena
220 1205 309 1266 opera
332 1187 431 1266 operis
452 1186 645 1247 fundamenta
667 1187 807 1265 ponenda
828 1206 902 1248 esse.
945 1187 1097 1249 llitschelii
1117 1189 1174 1267 igi·

98 1282 157 1348 tur,
181 1290 198 1332 a
220 1272 305 1333 cuius
327 1272 449 1332 nomine
464 1272 578 1332 bonum
601 1289 688 1332 omen
711 1272 776 1350 capi
799 1272 882 1351 operi
896 1271 1032 1333 Plautino
1051 1291 1105 1352 par
1120 1283 1173 1350 est,

97 1358 291 1435 virorumque
316 1357 423 1436 opibus
449 1356 499 1435 qui
526 1356 561 1417 ab
587 1356 638 1417 illo
665 1356 802 1418 editionis
824 1357 1022 1436 perficiendae
1043 1359 1174 1420 ollicium

97 1452 297 1521 susceperuut
318 1442 357 1502 ita
372 1460 444 1502 usus
459 1459 535 1514 sum,
558 1449 591 1501 ut
610 1459 815 1520 quaecumque
830 1441 867 1502 ad
881 1443 1064 1504 recensenda
1078 1443 1174 1505 Plauti

97 1526 189 1588 verba
210 1527 362 1606 pertinent
383 1533 505 1606 accepta
526 1526 568 1587 eis
583 1526 719 1586 reseram.
756 1545 854 1605 neque
876 1545 946 1587 vero
968 1545 1093 1606 maguae
1112 1529 1173 1590 edi·

96 1612 188 1673 tionis
204 1630 220 1672 a
235 1629 344 1690 magno
360 1612 422 1672 viro
437 1611 591 1671 incohatae
606 1611 750 1671 aemulam
766 1629 880 1690 parare,
902 1612 952 1673 sed
968 1630 1068 1673 meum
1083 1632 1173 1691 quem

98 1697 129 1757 in
152 1697 210 1756 hoc
232 1705 319 1775 poeta
335 1695 486 1757 conlocavi
508 1694 640 1756 laborem
656 1696 735 1756 etad
754 1698 844 1756 linem
866 1695 983 1775 qualem
998 1697 1173 1777 contingere

97 1783 182 1860 potui
204 1783 369 1860 perducere
392 1790 422 1841 et
443 1780 563 1859 publico
586 1780 652 1841 usui
674 1780 898 1842 accommodare
919 1781 1062 1843 volebam.

185 1866 270 1936 Quod
294 1884 351 1944 qua
374 1866 489 1926 ratione
504 1866 601 1926 lacere
615 1864 780 1926 studuerim
803 1867 913 1945 paucis,
936 1886 974 1927 ne
991 1886 1051 1928 non
1075 1876 1173 1929 rectae

98 1951 134 2011 de
158 1950 282 2012 consilio
306 1969 373 2012 meo
397 1950 548 2029 opinionis
563 1951 627 2029 ipse
650 1959 753 2011 auctor
767 1952 844 2025 tiam,
868 1951 1078 2030 exponendum
1094 1952 1172 2013 vide·

97 2045 155 2096 tur.
200 2044 288 2114 atque
317 2036 348 2096 in
370 2035 562 2097 recensendis
592 2035 710 2112 quidem
733 2035 838 2096 labulis
863 2045 1017 2114 quattuor,
1047 2055 1173 2115 quarum

97 2121 271 2199 praesertim
296 2120 374 2181 nulla
390 2130 510 2200 praeter
532 2120 650 2180 ultimae
665 2119 815 2198 parvulam
832 2128 945 2199 partem
960 2122 991 2181 in
1007 2121 1109 2182 codice
1124 2140 1172 2182 re·

97 2207 208 2284 scripto
231 2213 343 2266 servata
366 2205 412 2278 sit,
436 2204 508 2265 nihil
531 2205 592 2265 lere
614 2204 793 2266 diltlcultatis
811 2205 931 2283 reliquit
945 2205 1122 2268 llitschelius
1144 2214 1173 2267 et

97 2290 149 2369 qui
171 2308 239 2351 eum
261 2290 355 2351 secuti
377 2298 462 2365 sunt;
486 2298 580 2350 totum
602 2289 714 2350 scilicet
737 2290 889 2369 negotium
915 2290 947 2351 in
969 2291 1173 2369 recuperanda

97 2394 133 2436 ex
155 2375 246 2436 trium
268 2375 431 2436 duorumve
446 2374 565 2436 testium
580 2375 646 2447 lide,
670 2392 796 2452 quorum
818 2393 897 2436 unns
915 2375 1088 2436 auctoritate
1103 2376 1172 2437 reli-

97 2478 173 2539 quos
188 2459 312 2521 multum
329 2460 487 2533 antecedit,
510 2459 600 2520 unius
614 2459 724 2520 codicis
745 2460 873 2521 lectione
895 2460 1065 2522 absolvitur.
1102 2461 1172 2521 Am·

96 2545 271 2606 brosianum
285 2553 384 2605 autem
396 2545 531 2606 codicem
546 2562 563 2604 a
578 2543 696 2605 Loewio
711 2545 774 2605 viro
790 2546 876 2606 docto
893 2554 922 2606 et
937 2546 1071 2620 candido,
1088 2546 1172 2607 ouius

96 2632 238 2691 iacturam
254 2647 435 2709 magnopere
450 2629 586 2707 lugemus
601 2630 781 2708 quicumque
804 2629 876 2690 haec
892 2630 988 2691 studia
1003 2638 1171 2705 tractamus,

97 2723 126 2775 et
149 2715 269 2775 Goetzio
292 2714 418 2775 feliciter
440 2714 594 2776 inventum
623 2722 650 2775 et
673 2715 780 2775 acriter
803 2714 1001 2776 examinatum
1023 2715 1062 2785 ita
1084 2735 1171 2796 prae·

96 2808 174 2861 stare
193 2808 223 2860 et
244 2799 307 2878 ipse
323 2800 422 2860 iudico
439 2808 565 2878 cognato
582 2798 767 2861 Londinensi
782 2807 876 2860 aetate
892 2800 1005 2874 maiori,
1028 2810 1061 2861 ut
1083 2800 1171 2880 plane

96 2885 219 2945 missum
241 2884 339 2945 lacere
360 2884 507 2964 potuerim
531 2883 656 2944 alterum
679 2884 735 2945 nisi
757 2885 834 2945 forte
855 2893 906 2946 aut
928 2885 1026 2946 delicit
1047 2885 1074 2946 E
1093 2884 1170 2961 (Aul.

99 2970 279 3047 tet-605)
302 2977 353 3031 aut
374 2969 422 3030 ille
444 2970 504 3031 reri
527 2969 637 3048 aliquid
660 2988 696 3030 ex
718 2969 890 3031 coniectura
912 2970 1043 3050 praebet.

182 3053 225 3114 De
252 3054 443 3115 emendandis
471 3053 578 3116 fabulis
605 3054 746 3133 quaedam
775 3055 901 3134 praefari
931 3056 1023 3135 magis
1049 3056 1169 3129 attinet3

96 3157 205 3217 nempe
228 3138 265 3199 ita
288 3140 375 3219 vulgo
398 3158 460 3200 rem
477 3140 540 3219 geri
555 3140 639 3200 video
662 3148 695 3200 ut
717 3159 777 3219 qno
801 3141 940 3220 progredi
956 3141 1042 3202 liceat
1064 3141 1169 3220 quidve

95 3224 318 3302 adsequendum
341 3226 379 3285 sit
401 3243 458 3285 uec
473 3234 610 3286 constare
632 3225 702 3286 satis
725 3244 780 3286 uec
796 3225 928 3286 animum
946 3225 1056 3287 attendi
1079 3243 1169 3304 appa·

94 3316 167 3369 reat.
204 3318 292 3387 atque
308 3309 486 3371 llitsohelius
508 3310 605 3389 ipsum
621 3310 716 3370 Plauti
738 3311 887 3389 exemplar
903 3311 1031 3371 editione
1054 3329 1106 3372 sua
1121 3328 1169 3370 re-

96 3404 285 3473 praesentare
315 3394 443 3468 volebat,
473 3395 561 3455 hodie
589 3395 708 3473 quidam
738 3396 814 3456 ultra
840 3396 1006 3456 Flauiorum
1035 3404 1169 3474 tempora

94 3479 236 3540 recedere
259 3480 376 3540 nolunt.
422 3479 676 3558 nosquibusdam
704 3479 735 3539 in
758 3480 847 3542 rebus
870 3499 931 3541 non
954 3480 1058 3557 attingi
1081 3499 1168 3559 posse

93 3573 202 3624 metam
219 3583 235 3624 a
251 3564 410 3626 Ritsohelio
426 3564 550 3644 positam
565 3563 660 3644 probe
674 3565 792 3638 scimus,
809 3565 881 3626 citra
895 3565 1168 3626 Frontonianorum

94 3648 243 3710 caucellos
266 3650 428 3711 consistere
452 3669 513 3710 non
537 3651 628 3729 magis
643 3650 708 3710 ideo
731 3659 861 3711 mentem
880 3649 1056 3725 inducimus,
1081 3670 1168 3730 quam

94 3734 281 3796 Aristarchea
303 3735 468 3796 carminum
492 3735 718 3796 Homericorum
741 3736 915 3797 recensione
938 3737 1072 3797 contenti
1095 3756 1167 3798 esse.

180 3820 230 3881 Bis
245 3822 355 3881 lactum
378 3829 422 3881 est
437 3819 467 3880 in
488 3820 594 3881 litteris
609 3820 822 3893 Romanorum,
844 3829 877 3881 ut
892 3819 986 3882 Plauti
1000 3820 1106 3882 fabulis
1122 3840 1167 3882 as-

94 3904 207 3966 siduam
231 3923 350 3985 operam
367 3906 550 3985 grammatici
564 3904 715 3966 dederent.
752 3906 880 3984 primum
903 3924 939 3966 eo
957 3916 1167 3985 temporeque
