2594 4576
111 266 309 320 rua,1ta-10,11
562 256 738 311 attentans
864 308 872 327 ,
1127 262 1186 320 171

176 427 277 491 Cunus.
302 429 390 504 Cedo,
406 433 430 491 st
446 441 604 493 necessest.
649 433 711 494 Nm.
736 432 811 494 Cura
827 434 893 494 hoc.
920 434 977 494 iarn
994 453 1049 514 ego
1064 437 1123 499 huo
1139 455 1188 499 re·

468 519 587 577 venero.
603 551 644 560 --

175 596 277 660 Cnnrse
308 597 476 662 Curatumst
490 632 533 644 -
548 620 611 663 esse
626 613 655 663 te
670 621 771 664 senem
787 604 1006 666 miserrumum.

173 685 231 744 hoc
247 691 292 746 est
306 685 424 764 incepta
440 686 559 747 efficere
574 687 693 766 pulcre;
708 688 796 769 volup
812 690 855 749 uti

173 769 212 828 mi
230 770 336 842 evcnit,
352 778 385 830 ut
400 788 490 831 ovans
506 772 613 850 praeda
630 783 755 835 onustus
770 775 840 834 hinc
855 776 934 836 eaml

173 854 268 916 salute
284 863 385 917 nostra
400 863 489 935 atque
504 855 578 917 urhe
593 867 678 935 capta
693 876 747 937 per
762 859 862 920 dolum

172 939 294 1000 domum
308 941 418 1002 reduco
435 945 584 1019 tntegrum
600 961 717 1004 omnem
734 945 904 1005 exercitum.

174 1025 236 1099 sed,
252 1035 445 1105 spectatores,
460 1045 512 1087 vos
529 1045 610 1088 nuno
628 1047 665 1088 ne
681 1029 828 1090 miremini

174 1110 253 1188 quod
269 1129 331 1171 non
349 1111 515 1191 triumpho:
529 1113 770 1193 pervolgatumst,
787 1113 829 1174 nil
844 1133 953 1175 moror.

174 1213 275 1255 verum
293 1204 390 1257 tamen
407 1196 592 1276 accipientur
607 1199 702 1260 mulso
718 1199 836 1260 milites.

175 1298 256 1341 nunc
271 1281 349 1342 hanc
364 1281 502 1360 praedam
515 1300 632 1343 omnem
645 1284 702 1344 iam
715 1284 750 1345 ad
763 1293 951 1363 quaestorem
963 1284 1102 1347 deferam.
1131 1293 1187 1345 1010

494 1502 799 1565 PHlLOXENVS.
1089 1505 1126 1566 lV
1147 1508 1185 1568 10

109 1602 204 1673 Quam
227 1603 319 1683 magis
342 1604 371 1665 in
396 1611 607 1750 pectoreb-med
628 1606 712 1666 foveo
799 1625 873 1685 quas
892 1611 977 1668 meus
991 1607 1068 1668 filius
1083 1607 1186 1669 turbas

174 1792 262 1852 quam
277 1793 308 1836 se
324 1776 359 1836 ad
374 1697 518 1849 vuamflirt
536 1699 612 1853 {lios
624 1776 771 1838 admones
856 1778 1047 1858 praecipitem
1061 1777 1185 1839 inscitus

107 1943 202 2023 magis
218 1948 333 2006 curaest
348 1864 688 2024 magimtlsspaftllsglmido,
759 1966 798 2008 ue
813 1947 838 2008 is
853 1949 954 2026 pereat
969 1965 1028 2007 neu
1047 1953 1184 2010 eorrum-

173 2113 244 2187 scio‚
261 2114 302 2175 ldi
317 2133 372 2194 ego
387 2113 434 2175 illa
450 2039 589 2260 agiliores
604 2116 660 2177 teci
681 2116 729 2176 illa
816 2121 930 2189 omnta,
953 2115 1004 2177 sed
1021 2134 1103 2178 more
1118 2135 1181 2177 mo-

107 2300 207 2360 neque
229 2284 370 2363 placitant
391 2205 621 2363 morestspplibus
643 2285 725 2347 video
812 2285 897 2364 volgo
919 2286 1017 2363 gnatis
1040 2289 1104 2347 esse
1130 2306 1182 2366 pa·

107 2447 199 2536 [duxi
215 2453 304 2514 habui
319 2379 582 2534 0001100ιῖἕοοξῗο
669 2454 744 2529 dedi,
761 2454 878 2528 donavi,
893 2456 944 2518 sed
957 2457 1036 2518 enim
1046 2456 1075 2518 td
1091 2382 1183 2542 100000

105 2555 164 2616 ego
179 2538 248 2600 dare
264 2558 311 2600 me
327 2557 393 2600 meo
408 2549 498 2619 gnato
510 2540 633 2638 institui,
649 2549 683 2600 ut
767 2539 866 2601 animo
879 2540 1053 2622 obsequium
1065 2547 1180 2604 sumere

171 2726 296 2787 aequom
312 2712 375 2770 esse
392 2634 645 2787 putolglltniimis
661 2711 732 2771 nolo
797 2710 924 2772 desidiae
941 2712 968 2773 ci
984 2711 1053 2773 dare
1067 2713 1180 2773 ludum.

310 2812 391 2855 nunc
410 2794 623 2856 Mnesilochum
639 2797 717 2874 quod
733 2797 877 2867 mandavi,

309 2879 370 2940 viso
386 2879 493 2958 ecquid
508 2882 625 2941 eumad
641 2880 779 2941 virtutem
794 2890 846 2940 aut
859 2881 894 2942 ad

311 2964 426 3045 frugem
441 2971 532 3044 opera
547 2983 598 3026 sua
615 2965 799 3044 compulerit,
815 2965 857 3025 sic
1126 2975 1182 3028 1000

310 3057 344 3110 ut
357 3056 435 3124 eum,
451 3051 476 3112 si
491 3055 639 3125 eonventt,
654 3050 715 3112 scio
731 3051 744 3109 t
761 3084 773 3095 ·

396 3136 483 3197 cisse:
500 3142 564 3198 eost
578 3135 699 3216 ingenio
717 3140 812 3196 natus.

194 3269 259 3320 1066
278 3267 329 3318 iam
346 3267 396 3320 huc
414 3269 582 3320 Hermonem
651 3271 715 3321 1067
735 3274 849 3320 conatum
866 3271 894 3332 (t.
907 3284 928 3318 e.
945 3269 1086 3332 coerulum)
1103 3271 1144 3320 est
1156 3269 1182 3319 D

107 3335 313 3387 miserumumB
408 3339 474 3390 1068
492 3337 587 3404 *volup
607 3338 643 3389 uti
658 3334 663 3406 l
679 3336 749 3401 mihi]
767 3337 848 3388 veluti
866 3334 927 3386 mihi
1021 3336 1086 3388 1069
1105 3335 1181 3388 *hinc

104 3406 173 3467 eant]
191 3402 334 3455 incederem
397 3407 461 3459 1071
481 3404 590 3456 *reduco
609 3405 687 3470 [hinc]
749 3407 812 3457 1005
831 3402 983 3456 iemmmll
1046 3402 1182 3457 10¹1de-

105 3485 221 3523 noxnuvs
238 3486 317 3523 snunx
334 3472 365 3538 B,
383 3488 434 3525 om.
455 3473 500 3526 01)
517 3476 574 3539 (qut
589 3477 680 3524 vermi
695 3473 851 3540 praefigunt
868 3471 974 3533 Nrconl·
1052 3475 1182 3538 quattatoa·

106 3542 280 3606 hypermestra
304 3544 487 3606 anapaestico,
508 3544 604 3608 priora
627 3541 680 3593 duo
703 3546 874 3603 octonorum,
899 3543 1009 3592 tertium
1033 3540 1181 3604 duodecem,

106 3612 234 3675 qaiartum
259 3609 346 3660 docem
364 3615 510 3661 metrorum
527 3614 553 3660 et
570 3609 635 3661 colis
652 3626 706 3661 non
723 3611 830 3673 divisis,
854 3624 915 3659 cum
934 3609 1051 3660 catalect
1075 3611 1182 3673 ommim

105 3677 212 3743 syllaba
230 3694 326 3744 umccpe
342 3678 429 3729 medio
447 3695 471 3730 0.
491 3677 557 3729 1082
648 3681 713 3732 toto
731 3692 779 3743 ego
797 3677 834 3727 lui
852 3677 876 3727 B
961 3677 1005 3728 illa
1024 3692 1075 3729 om.
1095 3676 1116 3728 0

108 3748 175 3800 1080
193 3749 285 3811 gnatos
303 3745 372 3798 Bon
454 3748 516 3799 1081
537 3745 586 3797 dal.
605 3746 747 3811 Vaatmgiua
764 3746 838 3811 (post
856 3745 922 3798 1079
938 3750 1067 3813 posuerat
1084 3744 1182 3796 Merca·

104 3817 163 3878 rue)
250 3813 335 3866 dediet
354 3814 392 3877 0¹,
411 3813 451 3866 edi
470 3814 603 3865 Merces-us
689 3812 734 3865 sed
752 3813 902 3876 Acidaliae]
920 3819 946 3865 et
1039 3815 1105 3867 1082
1122 3828 1181 3867 mco

104 3880 285 3933 Buechelerm
300 3897 335 3932 m.
354 3882 401 3935 ut.
413 3883 455 3948 39,
464 3881 523 3946 287]
542 3880 629 3933 ludum
647 3897 705 3933 meo
774 3881 886 3933 animum
905 3879 936 3934 a
1006 3881 1130 3950 obsequio
1142 3882 1182 3931 D·

107 3952 175 4004 1084
183 3967 221 4014 sq.
240 3949 306 4017 disp.
323 3951 361 4002 B:
378 3965 446 4002 nunc
463 3980 497 3989 —
514 3952 634 4002 virtutem
650 3951 654 4014 l
671 3955 715 4000 aut
735 3978 765 3987 -
783 3948 935 4015 compulerit
950 3948 955 4017 1
970 3950 1037 4002 sicut
1054 3978 1088 3989 -
1105 3954 1181 4001 natue

106 4020 173 4072 1084
191 4017 364 4072 *mnesilocho
