2594 4576
553 248 747 301 5555555555
1142 252 1183 313 25

466 471 689 533 AMPHITRVO
714 473 823 534 susm
1113 477 1140 538 11
1164 481 1179 540 1

103 591 202 650 Auru.
232 589 295 668 Age
310 594 320 648 1
335 598 367 650 55
383 589 558 652 secundum.
603 592 667 652 Sos.
698 591 823 670 Sequor,
839 592 1006 671 subsequor
1020 603 1060 655 te.

103 674 201 734 Auru.
233 673 488 736 Scelestissumum
506 684 533 736 55
548 675 685 737 arbitror.
730 675 794 738 Sos.
824 677 897 737 Nam
914 696 1001 756 quam
1018 678 1056 738 ob
1072 679 1157 741 rom?

103 759 201 818 Auru.
231 757 305 829 Quia
320 759 350 819 id
365 759 445 838 quod
462 779 559 838 neque
575 770 620 821 est
635 779 732 839 neque
747 762 803 840 fuit
818 780 916 841 neque
931 764 1094 824 futurumst

104 842 180 903 mibi
195 843 356 922 praedicas.
402 845 466 906 Sos.
497 845 617 918 Emere,
633 846 690 905 iam
707 845 810 906 tuatim

105 927 181 988 facis
196 936 240 1002 tu,
257 936 290 989 ut
303 929 362 990 tuis
377 929 459 989 nulla
474 930 552 1009 apud
567 939 597 990 te
612 930 685 991 fides
699 930 745 991 sit.
1140 943 1184 994 555

105 1014 202 1072 Auru.
226 1011 302 1083 Quid
315 1011 380 1074 est?
392 1033 451 1092 quo
463 1012 572 1074 modo?
587 1015 643 1075 iam
658 1013 775 1093 quidem
789 1014 888 1075 hercle
900 1015 1020 1095 egotibi
1033 1017 1119 1078 istam

106 1097 274 1171 scelestam,
291 1098 396 1171 scelus,
411 1098 542 1176 linguam
558 1098 716 1161 abscidam.
762 1100 825 1160 Sos.
855 1099 936 1162 Tuos
951 1119 1026 1175 sum,

104 1182 235 1261 proinde
251 1189 284 1242 ut
298 1184 515 1244 commodumst
529 1192 559 1244 et
574 1183 656 1245 lubet
671 1183 802 1262 quidque
816 1184 923 1259 iacias3

106 1278 207 1327 tamen
225 1267 297 1346 quin
313 1268 418 1346 loquar
432 1268 504 1329 haec
520 1269 562 1329 uti
578 1270 653 1330 iacta
668 1276 739 1329 sunt
752 1268 811 1342 hic,

106 1369 274 1430 numquam
289 1352 348 1412 ullo
365 1352 452 1412 modo
468 1372 515 1413 me
530 1363 616 1432 potes
631 1354 791 1413 deterrere.

106 1438 204 1497 Auru.
235 1437 466 1513 Scelestissume,
483 1439 572 1500 audes
587 1439 657 1498 mihi
674 1438 846 1517 praedicare
860 1437 899 1511 id,

107 1521 189 1582 domi
204 1529 234 1582 55
249 1538 313 1583 esse
328 1541 419 1596 nunc,
435 1523 485 1601 qui
501 1523 549 1583 hic
564 1521 654 1585 adesi
699 1522 763 1583 Sos.
794 1522 867 1583 Vera
882 1522 958 1584 dico.

106 1606 202 1666 515555.
231 1606 340 1667 Malum
357 1606 435 1685 quod
452 1607 505 1667 tibi
520 1607 549 1668 di
565 1606 687 1681 dabunt,
704 1616 792 1685 atque
808 1627 862 1686 ego
879 1607 965 1667 hodie

107 1690 194 1751 dabo.
240 1690 304 1752 Sos·
334 1691 414 1752 Istuc
428 1691 510 1754 tibist
524 1693 555 1753 in
571 1711 673 1765 manu,
689 1711 757 1752 nam
773 1700 841 1753 tuos
856 1711 931 1753 sum.

106 1777 202 1836 515555.
232 1775 298 1836 Tun
314 1795 372 1850 me,
387 1776 522 1851 verbero,
538 1777 628 1838 audes
642 1794 726 1838 erum
741 1774 907 1838 ludificari?
1140 1786 1184 1837 565

106 1869 183 1921 5555
197 1860 228 1921 id
242 1860 341 1921 dicere
356 1861 455 1937 55655,
471 1862 551 1939 quod
567 1881 655 1923 nemo
671 1880 811 1940 umquam
825 1863 915 1922 homo
931 1861 1056 1923 antehac

107 1944 181 2006 vidit
196 1963 252 2006 nec
267 1954 365 2024 potest
379 1946 452 2019 fieri,
469 1956 603 2026 tempore
618 1966 679 2008 uno

105 2030 200 2092 bomo
214 2030 292 2091 idem
307 2030 423 2092 duobus
437 2030 511 2093 locis
526 2042 559 2092 ut
574 2032 661 2093 simul
676 2029 735 2092 sit?

106 2115 175 2176 Sos.
204 2114 342 2176 Proiecto
359 2122 391 2175 ut
405 2115 513 2193 loquor
527 2135 575 2177 res
590 2117 665 2178 itast.
709 2117 802 2174 Auru.
833 2113 966 2193 luppiter
982 2123 1011 2174 te

104 2199 221 2281 perdat.
265 2199 330 2261 Sos.
361 2199 521 2270 Quidmali
537 2220 613 2275 sum,
630 2219 689 2273 ere,
706 2209 755 2260 tua
771 2215 807 2257 ex
821 2216 854 2258 re
869 2197 1069 2277 promeritus?
1139 2209 1183 2257 555

104 2284 203 2345 Auru.
229 2282 376 2364 Rogasne,
391 2284 536 2363 improbe,
553 2286 649 2359 etiam,
667 2285 717 2363 qui
732 2283 818 2345 ludos
833 2283 904 2344 15515
918 2279 987 2342 me?

105 2370 175 2431 Sos.
205 2368 310 2430 Merito
326 2369 482 2430 maledicas
497 2370 579 2444 mihi,
594 2371 619 2432 si
635 2364 722 2454 [non]
738 2368 767 2429 id
782 2368 821 2428 ita
837 2369 985 2429 factumst.

103 2471 212 2516 verum
227 2453 305 2514 haud
320 2454 458 2529 mentior,
475 2473 581 2533 resque
597 2456 639 2516 uti
654 2456 730 2515 iacta
745 2453 821 2514 dico.

347 2541 440 2599 Auen.
470 2539 566 2600 Homo
582 2540 630 2601 hic
645 2540 746 2601 ebrius
762 2545 806 2599 est
821 2548 854 2599 ut
869 2543 985 2617 opinor.

150 2623 218 2684 Sos.
246 2601 363 2683 Vtinam
378 2624 418 2684 ita
433 2643 537 2686 essem.
581 2626 674 2685 Auru.
706 2624 799 2702 Optds
814 2641 889 2701 quae
904 2624 989 2683 iacta.
1140 2632 1183 2681 555

151 2707 218 2770 Sos.
250 2698 377 2786 Egone?
420 2709 513 2769 Auru.
544 2710 589 2770 Tu
604 2711 679 2772 istic.
710 2708 762 2768 ribi
777 2705 898 2768 bibisti?

151 2793 217 2854 Sos.
247 2793 398 2872 Nusquam
414 2794 551 2872 equidem
566 2794 638 2855 bibi.
682 2797 775 2854 Auru.
806 2791 882 2863 Quid
899 2793 955 2852 boc
971 2791 1008 2850 sit

151 2876 305 2938 bominis?
349 2878 415 2940 Sos.
438 2879 574 2957 equidem
591 2881 688 2941 decies
703 2878 776 2940 dixi:

152 2962 234 3023 domi
249 2980 304 3041 ego
319 2982 396 3037 sum,
412 2968 544 3041 inquam,
560 2965 665 3043 ecquid
682 2959 787 3024 audis?

197 3180 247 3231 552
264 3195 339 3246 quam
357 3179 402 3243 [id]
419 3179 608 3230 Fleckeisauua
709 3181 759 3231 554
777 3179 868 3230 tuatim
887 3182 1020 3229 testantur
1039 3178 1186 3242 Charisius,

103 3244 225 3312 Nonius,
240 3248 321 3312 gloss.
339 3248 434 3310 Plaut]
453 3251 567 3298 tuentem
654 3250 703 3299 555
721 3247 785 3298 15515
805 3250 831 3298 55
850 3249 879 3298 55
895 3246 1058 3309 Bruuckius]
1076 3245 1138 3297 15515
1156 3251 1184 3296 55

103 3313 225 3380 Nouius,
242 3314 306 3366 15515
325 3318 353 3366 55
371 3315 446 3366 codd.
516 3315 550 3366 sit
567 3313 632 3366 fides
650 3316 734 3380 codd,
753 3330 824 3366 corr.
844 3314 962 3381 Gayetus
1049 3316 1096 3367 558
1116 3327 1185 3363 com-

103 3380 215 3436 modum
226 3383 277 3434 siet
288 3382 361 3434 lubet
373 3383 458 3444 codd„
477 3398 547 3433 corr.
562 3381 732 3433 Camerarius
797 3385 846 3435 560
859 3386 946 3447 potest
957 3381 993 3432 13¹
1057 3379 1185 3432 5651561-

104 3448 243 3502 11555515Ὶι
322 3451 372 3503 569
390 3451 482 3517 155555
498 3449 544 3515 17¹,
561 3450 642 3517 loquo
659 3451 685 3501 Ε
770 3453 820 3503 516
840 3453 892 3512 555]
911 3454 982 3500 55555
1001 3447 1107 3500 Nonius

106 3518 161 3571 512
179 3519 252 3580 [555]
269 3517 355 3569 Laud.
434 3519 470 3569 ita
489 3533 540 3569 cm.
557 3517 595 3568 Ba
676 3519 735 3571 513.
754 3520 805 3570 514
822 3521 966 3569 cohaerent
983 3520 1013 3567 iu
1031 3516 1107 3567 codd.

106 3587 161 3638 513
179 3584 220 3638 die
237 3585 284 3651 121,
302 3585 344 3638 dic
361 3587 393 3650 a,
411 3586 493 3637 dicam
511 3585 550 3635 122
653 3589 703 3639 514
721 3586 763 3637 hic
781 3586 858 3638 homo
876 3586 1008 3636 Luobsius
1028 3582 1073 3647 (cf.
1091 3597 1185 3635 comm.

100 3653 266 3722 pros.1,6)
349 3654 470 3705 clausula
488 3656 660 3719 anapaestico
747 3656 881 3707 515-585
901 3654 967 3718 disp.
985 3655 1016 3702 im
1033 3652 1070 3701 B:
1088 3651 1185 3702 utinam

106 3749 144 3760 -
161 3721 221 3774 15515
235 3721 240 3788 Ι
255 3721 299 3774 551
317 3722 405 3774 bibisti
421 3722 579 3773 -bominis
594 3720 598 3788 Ι
613 3736 628 3772 5
647 3721 732 3774 uidem
744 3721 858 3774 -idem
893 3721 1004 3772 satin-
1020 3719 1069 3771 vah
1084 3721 1088 3788 Ι
1104 3733 1186 3786 apage

106 3816 143 3828 -
161 3788 466 3857 1555516155-55555
484 3738 646 3855 5555155151
657 3794 684 3840 55
700 3819 734 3827 -
751 3790 857 3842 meritus
893 3792 921 3839 ut
939 3815 972 3824 -
989 3787 1089 3841 rediero
1109 3788 1160 3839 iam
1178 3784 1184 3854 Ι

107 3857 438 3925 sequere-delirantibus
508 3859 644 3910 515-584
658 3860 848 3923 hypermetron
859 3855 948 3907 XXIX
960 3861 1108 3908 metrorum
1126 3869 1186 3906 eum

107 3925 231 3978 55551555·
316 3929 364 3978 511
385 3926 445 3993 quid
463 3926 512 3977 hoc
530 3929 571 3977 est
588 3925 715 3977 hominis?
737 3927 861 3976 Donatus
874 3928 957 3990 poeta
978 3929 1004 3976 55
1019 3924 1115 3986 fabula
1131 3937 1186 3975 555

106 3993 241 4047 iudicatis
257 3992 293 4056 cf.
312 3993 362 4046 769
447 3997 497 4046 519
515 3993 620 4060 inquam
640 3995 700 4056 [ere]
717 3992 765 4044 LG
833 3991 939 4059 etquid
