2594 4576
114 267 299 322 natos-aro
585 248 739 304 tstNARlA
1156 255 1196 316 67

116 425 215 489 Lnon.
242 422 371 498 Quaeso,
383 440 478 501 aequo
490 421 589 485 auimo
601 423 719 503 potitor.
764 424 825 485 Lm.
849 424 960 486 Patitor
970 434 1003 487 tu
1014 427 1094 502 item,
1107 447 1198 508 quom

480 526 535 586 ego
551 516 581 569 te
595 508 742 570 roseriam.
1154 524 1198 575 375

118 593 213 655 Lnon.
244 591 316 654 Dico
333 600 366 652 ut
381 600 467 654 usust
480 592 555 653 fieri.
599 592 661 653 Lm.
691 594 763 655 llioo
777 594 878 655 hercle
893 611 949 673 ego
961 613 1081 674 quoque
1094 605 1127 659 ut
1137 598 1197 659 lao-

479 685 565 738 turns
580 696 655 738 sum.

118 762 213 826 Lnou.
242 762 285 823 Ne
301 779 386 840 nega.
430 761 494 823 Lm.
524 762 604 832 Quin
626 762 782 842 promitto,
804 764 941 841 iuquam,
966 764 1077 826 hostire
1093 773 1197 827 contra

478 854 511 908 ut
525 847 680 909 merueris.

118 931 212 993 Lnon.
243 930 305 1010 Ego
321 930 405 1005 abeo,
421 938 454 991 tu
468 931 536 1005 iam,
551 931 622 1006 scio,
638 932 760 1012 patiere.
787 934 838 994 sed
855 933 920 1012 quis
935 933 983 994 hic
999 932 1065 997 est?
1080 935 1105 996 is
1120 943 1173 1009 est,

117 1016 197 1078 illest
211 1015 302 1095 ipsus
332 1016 389 1076 iam
405 1034 460 1094 ego
475 1035 599 1078 recurro
614 1016 683 1078 huc.
714 1025 746 1078 tu
762 1016 844 1078 hune
858 1017 971 1079 interea
990 1020 1038 1080 hic
1054 1028 1132 1080 tene.

118 1101 185 1162 volo
196 1101 399 1162 seuiuarrare.
423 1100 486 1162 Lm.
503 1101 581 1172 Quin
589 1110 672 1163 tuom
680 1101 810 1162 officium
819 1102 891 1164 lacis
903 1121 974 1182 ergo
983 1123 1017 1165 ac
1028 1103 1127 1183 iugis?
1152 1114 1197 1166 330

409 1286 661 1350 Manethon
701 1289 898 1351 LlBhNVS
1126 1290 1193 1355 113

117 1407 213 1469 Mune.
243 1407 280 1468 Vt
294 1406 512 1469 demonstratae
528 1414 599 1468 sunt
613 1407 693 1482 mihi,
710 1409 797 1471 hasce
813 1409 892 1471 aedis
908 1427 972 1471 esse
988 1418 1116 1491 oportet,

117 1493 315 1554 Demaenetus
331 1491 382 1553 nbi
398 1492 505 1553 dicitur
519 1490 662 1553 habitare.
692 1493 711 1567 i,
727 1513 828 1574 puere,
845 1493 926 1574 pulta

116 1586 206 1657 atque
221 1576 380 1639 atriensem
396 1576 546 1652 Sauream,
562 1576 615 1638 sist
629 1577 718 1651 intus,
734 1586 855 1640 evocato
870 1580 939 1640 huo.

117 1661 179 1722 Lm.
212 1661 285 1733 Quis
301 1669 418 1724 nostras
432 1662 474 1724 sic
491 1660 601 1741 frangit
615 1660 715 1723 loros?
740 1663 811 1737 ohe,
828 1664 960 1742 inquam,
976 1662 1000 1723 si
1016 1662 1085 1742 quid
1102 1663 1193 1725 audis.

116 1746 211 1808 Mune.
241 1746 334 1808 Nemo
357 1747 443 1808 etiam
458 1745 569 1825 tetigit,
590 1765 685 1808 sanun
702 1744 757 1808 es?
801 1747 862 1808 Lm.
894 1748 931 1807 slt
952 1746 1111 1808 censebam
1127 1748 1195 1809 atti-

475 1829 552 1910 gisse
743 1868 745 1872 .
1151 1842 1195 1894 980

115 1923 285 1997 propterea,
301 1914 360 1975 huc
375 1915 443 1993 quia
458 1914 587 1977 habebas
602 1915 668 1977 iter.
700 1916 769 1977 nolo
786 1934 841 1996 ogo
857 1916 935 1977 iores
951 1934 1108 1978 conservas

113 2019 195 2062 meas
210 2017 227 2059 a
241 2008 271 2061 te
284 1998 478 2061 verberarier.
504 2018 575 2061 sane
590 2018 645 2078 ego
662 2021 728 2063 sum
743 2001 855 2063 amicus
871 2001 990 2063 nostrie.

113 2086 210 2147 Mnuc.
242 2084 296 2145 Pol
311 2084 389 2146 haud
403 2083 586 2165 periclumst,
602 2086 738 2149 cardines
755 2106 793 2148 ne
810 2084 925 2146 foribus
941 2087 1164 2167 exfrangantur,

113 2171 138 2232 si
153 2170 229 2232 istoc
245 2168 380 2248 exemplo
397 2169 535 2231 omnibus
550 2171 602 2248 qui
618 2179 766 2248 quaerunt
780 2169 985 2250 respondebis.

112 2255 176 2316 Lm.
207 2255 250 2316 lta
264 2253 337 2315 haec
353 2262 495 2316 moratast
509 2255 610 2315 ianua:
627 2256 774 2335 extemplo
789 2254 947 2316 ianitorem
1147 2265 1191 2316 390

111 2340 230 2414 clamat,
245 2338 351 2419 procul
366 2339 391 2400 si
406 2357 495 2418 quem
507 2339 585 2399 videt
600 2339 643 2400 ire
658 2339 694 2400 ad
709 2359 741 2403 se
757 2339 957 2401 calcitronem.

111 2424 164 2487 sed
180 2424 251 2504 quid
265 2420 371 2485 venis?
393 2423 461 2503 quid
478 2422 649 2502 quaeritas?
693 2425 788 2486 Mnnc.
819 2425 1031 2485 Demaenetum
1046 2422 1189 2484 volebam.

111 2509 176 2570 Lm.
208 2509 238 2571 Si
253 2508 292 2570 sit
305 2507 395 2583 domi,
411 2508 505 2569 dicam
521 2508 585 2569 tibi.
629 2509 724 2571 Mune.
754 2508 831 2581 Quid
848 2509 912 2570 eius
928 2505 1087 2569 atriensis?

110 2594 175 2655 Lm.
205 2592 303 2654 Nihilo
319 2611 403 2672 mage
424 2594 505 2654 intus
520 2599 572 2655 est.
617 2594 710 2658 Meno.
733 2591 839 2657 Vbist?
884 2594 947 2654 Lm.
978 2593 1021 2654 lld
1037 2603 1190 2655 tonsorem

471 2678 514 2737 ire
530 2677 611 2739 dixit.

110 2763 207 2824 hinne.
238 2762 379 2824 Conveni.
410 2762 461 2824 sed
483 2771 552 2842 post
572 2782 635 2824 nou
658 2759 756 2823 redit?
799 2763 862 2824 Lm.
892 2763 958 2823 Nou
975 2762 1089 2842 edepol.
1118 2762 1189 2840 quid

471 2846 609 2908 volebas?
1146 2855 1189 2906 395

109 2931 207 2992 Mune.
237 2931 361 3010 Argenti
376 2930 479 3011 viginti
495 2931 598 3006 minas,
614 2932 638 2992 si
654 2930 778 3005 adesset,
795 2930 965 3009 accepisset.

107 3016 173 3077 Lm.
202 3015 260 3087 Qui
275 3035 331 3096 pro
353 3014 452 3077 istuc?
497 3016 591 3076 Meno.
621 3015 729 3077 Asinos
749 3014 879 3076 vendidit
893 3014 1009 3076 Pellaeo
1032 3013 1187 3076 mercatori

108 3107 253 3162 mercatu.
298 3100 360 3160 Lm.
388 3100 466 3161 Scio.
492 3109 524 3160 tu
540 3100 569 3161 id
584 3119 667 3162 nunc
681 3098 797 3162 refers?
811 3099 868 3160 iam
883 3100 931 3161 hic
947 3099 1036 3161 credo
1053 3118 1121 3161 enm
1136 3101 1187 3161 ad-

468 3185 610 3246 futurum.

196 3384 247 3434 376
264 3385 338 3435 usust
355 3383 510 3447 Lambinus]
528 3399 590 3437 usus
669 3387 717 3438 377
736 3397 836 3449 negega
855 3384 899 3448 Be,
918 3397 982 3449 nega
1000 3384 1026 3434 Ε
1099 3383 1186 3434 memi-

106 3450 178 3504 neris
196 3449 304 3502 Nouius
408 3453 457 3504 379
476 3451 543 3503 hunc
561 3453 604 3504 hic
621 3452 638 3504 i.
657 3455 675 3503 t.
694 3453 817 3515 liothida,
835 3450 919 3501 *huno
936 3452 953 3502 i.
972 3451 997 3503 h.
1016 3449 1102 3502 detine

106 3517 304 3573 3300001)ιο1
368 3519 417 3571 hac
436 3520 520 3583 codd,
540 3520 737 3586 eorr.Pyteder
806 3521 853 3571 381
873 3519 981 3570 Lmanrs
994 3533 1096 3570 snnvrs.
1123 3532 1186 3568 nnn·

106 3600 190 3639 caron
208 3587 379 3652 (memnon.
398 3603 420 3639 c.
438 3587 472 3653 Ε)
490 3588 546 3654 ΒΕ,
564 3604 615 3639 om.
633 3588 659 3637 D
757 3589 806 3640 385
825 3600 936 3639 sanusne
1022 3588 1071 3638 387
1091 3587 1185 3637 nostris

107 3655 276 3718 Gulielmius]
295 3656 390 3707 uostris
409 3654 517 3707 aedibus
586 3657 636 3709 388
655 3654 820 3721 elrangantur
831 3654 875 3717 17¹,
893 3652 1051 3719 elringantur
1061 3653 1130 3718 173²,
1149 3653 1186 3705 el·

105 3722 252 3789 [ringantur
269 3722 294 3772 Ε
380 3726 429 3777 339
448 3723 566 3790 exemplo
585 3723 770 3786 Loadtnemie]
789 3721 918 3786 extemplo
936 3721 1031 3784 bunt
1050 3720 1185 3789 exemplod

103 3790 268 3843 llitsebela‘us
353 3793 404 3845 390
422 3797 548 3844 remorata
568 3796 608 3844 est
624 3792 660 3843 13¹
678 3797 710 3843 ut
726 3791 779 3842 vid.
870 3791 918 3842 391
937 3804 995 3841 sese
1012 3789 1117 3841 Nonius

104 3861 156 3912 392
176 3858 375 3911 demenetamlt
436 3861 484 3914 393
503 3858 580 3911 iitB²
642 3861 693 3912 394
711 3873 786 3924 mago
803 3858 850 3922 Be,
868 3856 949 3922 magis
962 3857 1000 3907 17¹
1064 3860 1183 3912 395cum

103 3926 222 3979 venisset
240 3925 324 3991 codd,
343 3943 413 3982 corr.
433 3928 576 3992 Veringiue
661 3927 738 3980 rediit
756 3925 831 3989 (redit
847 3928 945 3991 praes.)
1032 3927 1080 3980 393
1099 3926 1184 3993 polleo

104 3997 157 4048 398
175 4008 235 4046 enm
254 4008 304 4047 om.
323 3996 349 4045 D
979 4030 981 4034 .

947 4076 979 4131 5*
