2594 4576
177 235 220 296 74
660 236 781 298 rmum
1123 258 1188 309 1112,
1195 258 1249 303 ,4

179 427 295 486 nerros,
312 418 440 483 catenas,
457 427 601 482 carceres,
617 409 770 484 numellas,
787 410 914 490 pedicas,
931 409 1015 474 boias
1211 424 1248 475 tu

177 490 198 569 †
211 499 443 574 indoctoresque
457 513 630 556 acerrumos
644 513 812 574 gnarosque
827 496 922 558 nostri
937 497 1015 575 tergi

177 580 239 658 [qui
253 601 341 664 saepe
356 592 425 642 ante
441 581 471 641 in
489 588 606 641 nostras
620 580 756 659 scapulas
771 581 922 642 cicatrices
937 581 1129 660 indiderunt]

540 686 556 723 *
715 688 731 724 t
888 687 905 724 *

177 771 228 814 eae
245 770 326 812 nunc
340 751 483 831 legiones,
500 750 604 829 copiae
620 750 827 828 exercitusque
842 768 946 811 eorum

176 838 204 898 vi
218 837 390 919 pugnando,
405 835 545 915 periuriis
561 835 672 896 nostris
687 835 773 914 fugae
788 835 884 914 potiti.

176 923 283 984 uirtute
296 921 385 982 huius
401 920 532 999 collegae
547 919 576 981 id
593 914 675 1003 [mci]
691 939 817 998 meaque
832 920 969 982 comitate

177 1009 324 1068 factumst.
354 1006 404 1084 qui
420 1024 467 1067 mc
482 1005 526 1065 vir
540 1005 646 1066 fortior
660 1005 695 1065 ad
711 1005 899 1067 sufferundas
914 1004 1036 1086 plagas?

177 1092 268 1153 Lnou.
298 1091 412 1170 Edepol
426 1091 550 1152 virtutes
566 1090 616 1168 qui
630 1098 696 1151 tuas
713 1109 773 1151 non
789 1091 867 1169 potis
882 1109 914 1152 es
931 1091 1113 1154 conlaudare

175 1177 218 1239 sic
233 1183 266 1237 ut
281 1195 336 1255 ego
352 1195 484 1255 possum,
501 1193 576 1254 quac
591 1175 671 1236 domi
687 1175 836 1253 duellique
851 1176 926 1236 male
941 1176 1046 1238 iecisti.

177 1279 215 1323 ne
231 1261 278 1321 illa
294 1261 399 1340 edepol
415 1260 592 1340 promerito
608 1269 659 1321 tuo
672 1261 830 1321 memorari
845 1261 936 1321 mulla
952 1270 1095 1340 possunt:
1208 1271 1246 1323 50

175 1346 227 1407 ubi
241 1346 382 1407 ddentem
398 1346 589 1418 fraudareris,
604 1345 656 1406 ubi
669 1363 721 1406 ero
737 1345 863 1406 infidelis
878 1346 979 1417 lueris,

176 1431 226 1493 ubi
242 1431 340 1492 verbis
355 1430 509 1511 conceptis
523 1430 621 1492 sciens
635 1430 775 1491 lubenter
789 1430 960 1509 perimaris,

176 1514 227 1577 ubi
242 1515 363 1596 parietis
378 1515 554 1596 perfoderis,
571 1515 600 1575 in
618 1517 697 1576 furto
713 1514 766 1575 ubi
781 1515 821 1576 sis
835 1516 1011 1595 prehensus,

175 1600 225 1663 ubi
241 1619 329 1680 saepe
345 1619 463 1663 causam
479 1599 586 1662 dixeris
601 1601 736 1679 pendens
751 1601 892 1662 advorsus
907 1609 974 1662 octo

175 1695 298 1760 artutos,
313 1687 432 1748 audacis
446 1686 534 1761 uiros,
548 1685 673 1747 valentis
686 1685 857 1766 virgalores.
1209 1697 1246 1749 55

174 1770 237 1831 Lm.
269 1771 376 1832 Fateor
392 1772 524 1851 prolecto
541 1777 573 1831 ut
588 1770 748 1849 praedicas,
764 1770 904 1845 Leonida,
921 1789 984 1832 esse
999 1788 1085 1849 vera3

175 1873 276 1917 rerum
291 1856 397 1935 edepol
413 1875 450 1916 ne
466 1857 553 1916 etiam
568 1859 619 1915 tue
634 1874 754 1934 quoque
768 1855 920 1916 malefacta
936 1855 1036 1917 iterari
1051 1858 1147 1920 multa

174 1949 204 2001 et
219 1957 285 2001 vera
300 1948 438 2019 possunt:
457 1939 510 2000 ubi
525 1940 624 2002 sciens
638 1939 717 2000 ddeli
732 1940 840 2002 infidus
856 1940 956 2015 lucris,

174 2024 225 2085 ubi
240 2043 368 2104 prensus
382 2025 412 2086 in
428 2026 507 2086 lurto
523 2025 581 2086 sies
596 2026 762 2086 manufesto
779 2035 808 2086 et
822 2025 1003 2100 verberatus,

174 2108 224 2170 ubi
240 2108 410 2189 periuraris,
426 2110 478 2171 ubi
493 2128 576 2172 sacro
591 2128 697 2171 manus
713 2110 753 2171 sis
768 2111 934 2187 admolitus,
1208 2121 1247 2174 su

173 2194 225 2256 ubi
241 2194 299 2256 eris
314 2195 422 2256 damno
438 2197 489 2273 [et]
505 2195 654 2257 molestiae
671 2203 700 2256 et
714 2195 851 2256 dedecori
866 2214 954 2275 saepe
968 2195 1070 2273 lucris,

173 2279 223 2341 ubi
240 2280 384 2341 creditum
400 2280 480 2358 quod
496 2282 534 2342 sit
549 2281 601 2342 tibi
617 2282 716 2342 datum
733 2298 798 2342 esse
813 2280 995 2360 pernegaris,

173 2364 223 2425 ubi
239 2365 350 2426 amicae
366 2384 454 2444 quam
470 2365 563 2427 amico
579 2373 631 2426 tuo
647 2366 738 2428 fueris
753 2366 845 2444 magis
860 2365 963 2439 fidelis,

173 2449 223 2511 ubi
239 2468 327 2529 saepe
343 2449 378 2509 ad
395 2451 568 2528 languorem
585 2460 635 2511 tua
650 2451 758 2512 duritia
773 2450 889 2511 dederis
905 2458 972 2512 octo

172 2533 282 2595 validos
297 2534 417 2608 lictoris,
433 2534 538 2596 ulmeis
552 2534 683 2597 adiectos
697 2535 786 2597 lentis
800 2535 897 2614 virgis.
1207 2545 1247 2597 ott

174 2636 246 2679 num
262 2619 338 2680 male
353 2620 470 2681 relatast
486 2620 588 2698 gratia,
604 2629 637 2681 ut
651 2621 795 2701 collegam
811 2617 992 2682 collaudavi?

174 2702 264 2763 licon.
295 2702 331 2764 Vt
345 2721 452 2783 meque
467 2713 556 2782 teque
571 2723 707 2767 maxume
721 2716 810 2784 atque
825 2706 946 2786 ingenio
962 2712 1066 2766 nostro
1082 2703 1193 2766 decuit.

172 2786 234 2848 Lm.
264 2788 325 2848 lam
341 2789 443 2852 omitte
458 2791 512 2853 ista
524 2798 612 2869 atque
623 2791 680 2852 hoc
693 2791 771 2869 quod
783 2810 856 2869 rogo
867 2790 1025 2870 responde.
1071 2787 1166 2851 Lnou.
1189 2789 1245 2851 uo-

529 2876 588 2954 gita
604 2877 683 2954 quod
698 2875 750 2937 vis.

173 2956 234 3016 lun.
265 2959 389 3037 Argenti
404 2959 507 3039 viginti
522 2961 617 3022 minas
631 2958 785 3022 habesne?
829 2960 919 3020 Lucu.
950 2957 1114 3019 Hariolare.

258 3110 307 3160 550
326 3108 433 3160 carceris
451 3109 533 3174 BDIl,
557 3126 682 3163 carcerem
701 3110 807 3163 Nonius
865 3113 912 3164 551
932 3110 1144 3178 incerctoresque
1161 3110 1202 3161 D·
1218 3112 1247 3162 55

171 3176 234 3241 uid,
252 3175 451 3242 indoctoresque
469 3194 492 3241 ς,
510 3179 721 3246 *uirgatoresque
802 3181 853 3231 552
871 3179 920 3229 551.
938 3179 1053 3229 Batitas
1125 3180 1246 3231 lacem

172 3246 285 3309 agnouit
296 3244 497 3309 Flacdee'eeaea5
514 3249 613 3297 iterum
629 3250 738 3297 cardam
756 3246 847 3308 deficit
899 3248 948 3299 554
967 3246 1055 3311 copias
1067 3246 1107 3295 D‘
1162 3262 1246 3300 eorum

173 3312 350 3375 Camerarius]
369 3312 452 3365 iorum
531 3316 580 3366 555
600 3314 675 3381 logne
693 3314 879 3377 Braeclelerm]
898 3329 979 3380 eugas
998 3315 1053 3379 BD,
1071 3328 1140 3381 euge
1158 3315 1183 3367 Ε

172 3381 221 3432 550
239 3380 280 3433 *u
298 3380 323 3431 lr.
342 3395 364 3431 c.
383 3379 408 3431 id
427 3381 486 3443 mei]
505 3380 529 3433 id
548 3396 573 3433 v.
592 3382 616 3434 h.
636 3398 657 3436 c.
676 3383 760 3446 5555,
778 3398 802 3433 v.
822 3382 848 3433 id
866 3398 887 3434 c.
901 3382 925 3434 h.
941 3382 990 3434 mei
1011 3383 1183 3434 Hermanno:

172 3449 220 3499 557
241 3448 362 3500 factumst
377 3450 472 3514 priore
490 3465 567 3499 55555
579 3450 654 3501 5555.
725 3449 816 3503 fortior
828 3454 851 3513 ς]
871 3450 961 3502 tortior
979 3455 1019 3502 est
1087 3448 1247 3504 sufferendas

170 3515 201 3575 B,
219 3514 378 3568 sufferendas
397 3516 447 3567 llll
524 3519 574 3570 558
593 3517 685 3584 edepol
704 3519 748 3585 qui
767 3519 823 3569 virt.
842 3517 889 3569 to
958 3533 1008 3570 non
1029 3517 1247 3583 Gerasenorum

170 3582 239 3648 potis
258 3599 285 3635 es
305 3584 359 3647 1⁴0]
379 3584 463 3651 possis
533 3587 582 3638 559
601 3586 697 3651 possim
716 3587 801 3647 codd,
820 3602 918 3641 eorm
988 3588 1037 3639 560
1054 3589 1100 3637 tuo
1118 3586 1247 3654 Guyotue]

170 3663 237 3701 uiroc
256 3656 300 3703 tuo
393 3654 443 3705 605
462 3655 562 3704 astutos
581 3653 665 3716 5555,
683 3669 753 3704 corr.
772 3654 960 3705 Fleeletceaus
978 3655 1077 3719 (artitos
1098 3653 1247 3720 1555550555)

171 3717 219 3768 507
239 3718 264 3768 ni
346 3720 432 3770 tuoB
513 3723 562 3774 568
580 3735 642 3771 uero
661 3722 745 3786 codd,
764 3737 834 3773 corr.
857 3721 970 3773 Weirius
1047 3722 1092 3772 ubi
1110 3723 1200 3776 sciens
1216 3750 1248 3762 -

170 3784 306 3861 peripteris
324 3787 394 3851 (570)
414 3788 462 3841 del.
481 3788 527 3839 LG
631 3791 681 3842 569
699 3805 732 3840 m.
751 3793 777 3841 el
795 3789 925 3854 Scaliger]
945 3795 970 3842 et
987 3789 1126 3842 manifesto
1145 3791 1205 3857 Bu,
1225 3794 1250 3843 el

169 3849 320 3903 manifestos
334 3852 379 3919 Di,
397 3858 423 3906 et
435 3855 587 3909 manifestus
599 3856 639 3905 Da
709 3860 755 3910 571
772 3860 816 3920 [et]
831 3857 945 3909 Bottias
1013 3860 1063 3912 575
1076 3857 1175 3912 littoris
1187 3858 1250 3911 Μ

171 3919 221 3969 576
239 3933 296 3969 nam
315 3920 351 3970 Ba
433 3927 462 3975 ut
480 3940 529 3978 om.
548 3924 592 3990 1⁷2²,
611 3928 640 3975 ut
658 3924 784 3991 collegam
803 3941 853 3979 om.
874 3926 909 3976 13¹
997 3929 1046 3980 579
1065 3927 1096 3976 55
1114 3924 1249 3989 metues.

170 3985 256 4035 aaa
279 3985 316 4049 te,
336 3986 386 4037 575

226 4194 391 4308 Α
