2594 4576
112 267 296 321 mast-ema
583 253 738 308 usmarus

113 426 225 507 edepol
240 443 342 488 senem
358 425 572 486 Demaenetum
587 425 718 505 lepidum
733 428 824 490 tuisse
838 427 941 490 nobis:

114 520 151 574 ut
166 511 355 573 assimulabat
370 510 510 572 Sauream
526 511 593 571 med
609 529 684 587 esse,
700 531 788 591 quam
805 514 912 574 iacetel

115 596 207 658 nimis
223 613 311 674 aegre
327 596 419 658 risum
435 594 559 670 centini,
575 595 626 656 ubi
640 598 790 678 hospitem
806 598 982 673 inclamavit,

115 682 198 761 quod
213 700 245 743 se
261 680 383 743 absente
399 680 468 741 mihi
484 679 571 741 tidem
588 681 697 743 habere
713 683 865 745 noluisset.

115 775 149 828 ut
164 765 337 827 memoriter
352 784 400 827 me
415 766 556 827 Sauream
571 767 693 828 vocabat
708 769 881 830 atriensem!

114 850 179 912 Lm.
202 851 382 912 llanedum.
427 851 518 911 Leon.
545 849 623 921 Quid
635 850 701 913 est?
737 853 800 913 Lm.
829 853 1012 914 Philaenium
1024 862 1108 915 estne
1119 855 1193 917 haec

476 953 551 1014 quae
565 936 647 998 intus
661 937 720 998 exit
1150 950 1194 1001 595

113 1017 238 1100 †atque
249 1019 435 1100 Argyrippus
453 1017 534 1080 una?
577 1019 668 1082 Lnon.
696 1021 892 1102 opprimens,
905 1022 929 1085 is
942 1030 995 1085 est.
1018 1023 1193 1087 subauscul-

473 1113 579 1166 temus.

113 1189 330 1250 lacrumantem
346 1189 452 1250 lacinia
467 1196 550 1250 tenet
565 1189 742 1252 lacrumans.
773 1191 915 1270 quidnam
930 1211 995 1254 esse
1010 1191 1129 1254 dicam‘l

112 1274 195 1335 taciti
211 1274 418 1336 auscultemus.
462 1273 525 1334 Lm.
556 1276 681 1350 Amatae,
696 1275 784 1336 modo
800 1276 900 1338 hercle
915 1277 946 1338 in
959 1286 1089 1339 mentem
1101 1279 1191 1353 venit,

113 1358 203 1421 nimis
213 1358 318 1420 vellem
329 1358 439 1420 habere
449 1359 602 1438 perticam.
647 1360 738 1422 Lnon.
769 1361 846 1433 Quoi
857 1359 921 1423 rei?
965 1363 1027 1423 Lm.
1057 1363 1192 1435 95551-

471 1443 607 1504 berarem

112 1529 223 1603 asinos,
238 1528 264 1589 si
279 1528 356 1589 sorte
371 1527 544 1607 occeperint
558 1529 684 1591 clamare
699 1530 770 1591 hinc
787 1549 822 1591 ex
837 1530 981 1592 crumina.
1146 1543 1191 1594 599

176 1730 413 1822 taurulrrvs
442 1731 677 1794 PHlLdENlVll
707 1732 868 1794 mutuus
898 1732 1067 1796 LEONlllll
1113 1735 1188 1800 1113

112 1869 185 1929 Ano.
218 1867 278 1929 Cur
292 1886 340 1929 me
355 1866 510 1930 retentas?
554 1869 636 1929 Pmn.
666 1869 742 1940 Quia
757 1870 800 1931 tui
816 1887 918 1932 amaus
932 1870 1070 1934 abeuntis
1084 1891 1167 1951 egeo.

110 1954 184 2014 Anu.
215 1952 295 2013 Vale.
338 1953 421 2014 Pnrn.
451 1953 611 2032 Aliquanto
628 1954 753 2033 amplius
766 1955 902 2031 valerem,
918 1956 943 2017 si
958 1957 1007 2017 hic
1021 1974 1166 2020 maneres.

110 2039 183 2099 Ano.
215 2037 309 2098 Salve.
353 2038 434 2099 Purn.
460 2037 579 2100 Salvere
590 2058 637 2100 mc
652 2038 747 2116 iubes,
764 2040 835 2119 quoi
846 2050 879 2101 tu
891 2039 994 2103 abiens
1007 2043 1097 2105 offers
1107 2061 1190 2104 mor·

470 2122 563 2184 bum?

110 2207 184 2268 Ano.
213 2207 306 2267 llater
320 2225 491 2287 supremam
505 2208 577 2269 mihi
592 2215 642 2268 tua
657 2207 739 2283 dixit,
754 2210 876 2269 domum
891 2209 934 2270 ire
950 2210 1044 2271 iussit.

110 2291 193 2352 Pnrr..
224 2291 372 2353 Acerbum
387 2294 479 2355 sunus
493 2293 571 2354 tiliae
585 2293 684 2367 saciet,
699 2293 768 2354 site
784 2294 984 2356 carendumst.
1002 2368 1011 2380 ³
1146 2304 1189 2357 595

109 2375 174 2437 Lm.
198 2376 295 2438 Homo
307 2376 406 2439 hercle
417 2378 489 2440 hinc
498 2378 647 2439 exclusust
657 2379 746 2440 foras.
790 2378 882 2440 Lnon.
905 2379 1070 2442 ltaresest.
1114 2379 1186 2441 dne.

469 2463 551 2525 Mitte
566 2481 686 2542 quaeso.

109 2545 194 2607 Pam.
225 2546 292 2618 Quo
307 2566 391 2609 nunc
405 2546 490 2610 abis‘l
506 2548 578 2626 quin
595 2556 626 2609 tu
642 2548 691 2609 hic
702 2546 825 2611 manes?
868 2550 940 2610 Aac.
971 2549 1044 2625 Nox,
1060 2549 1085 2611 si
1097 2549 1187 2626 voles,

469 2632 607 2695 manebo.

109 2715 174 2777 Lm.
206 2715 303 2777 Audin
320 2717 400 2778 hunc
417 2737 507 2798 opera
522 2727 557 2778 ut
571 2718 671 2797 largus
686 2726 730 2780 est
746 2716 915 2779 nocturna?
931 2738 1013 2781 nunc
1025 2720 1105 2781 enim
1123 2739 1187 2783 csse

111 2801 301 2880 negotiosum
317 2802 462 2864 interdius
477 2803 613 2864 videlicet
627 2803 777 2877 Solonem,

109 2885 192 2966 leges
207 2895 241 2947 ut
255 2886 434 2961 conscribat,
450 2886 557 2966 quibus
572 2908 604 2949 se
618 2887 747 2968 populus
762 2894 869 2948 teneat.
899 2889 1015 2966 gerrael
1145 2899 1189 2951 599

109 2970 162 3050 qui
177 2989 243 3033 sese
258 2990 365 3051 parere
379 2981 525 3052 apparent
538 2973 628 3034 huius
642 2970 767 3051 legibus,
782 2973 917 3052 prolecto

107 3073 275 3135 numquam
289 3056 387 3118 bonae
401 3058 480 3136 frugi
496 3058 582 3132 sieut,
598 3058 661 3119 dies
677 3065 840 3137 noctesque
854 3067 969 3138 potent.

107 3140 203 3202 Lnou.
233 3142 276 3202 Ne
292 3141 347 3203 iste
362 3142 462 3204 lrercle
477 3143 514 3203 ab
529 3143 583 3204 ista
599 3162 660 3205 non
676 3141 783 3222 pedem
798 3143 937 3220 discedat,
953 3144 978 3205 si
992 3143 1112 3219 licessit‚

441 3275 510 3282 .,.-.

196 3327 243 3378 581
264 3340 305 3377 me
376 3342 451 3393 quem
469 3328 544 3378 Bou
612 3330 662 3382 582
680 3328 795 3380 continui
814 3329 898 3391 codd„
917 3345 987 3380 corr.
1004 3329 1118 3379 Botda‘uc
1170 3322 1180 3343 ⁴

108 3395 159 3447 583
179 3391 226 3445 sed
242 3391 410 3458 111155151155,
429 3411 486 3447 5555
501 3395 632 3447 Gruterus
702 3398 751 3450 585
769 3397 811 3447 hic
823 3397 862 3447 1)ι
879 3400 910 3447 ut
926 3397 991 3461 vid,
1007 3393 1186 3447 151555111ηοὶ-

100 3462 203 3542 lerus.
284 3462 338 3513 exit
356 3467 433 3530 atque
448 3466 453 3530 1
468 3479 517 3515 555
537 3463 697 3546 Argyrippus
714 3465 828 3547 11595155
849 3465 935 3516 *exitt
959 3479 1059 3527 eccam,
1081 3462 1086 3530 1
1107 3466 1185 3529 atque

106 3527 797 3662 1181111151,...18111919111115
846 3531 1185 3667 9199191911...

106 3664 149 3717 551
161 3663 195 3726 B,
213 3665 254 3716 551
273 3666 334 3733 quoi
346 3667 372 3717 Ε
387 3665 432 3730 (cf.
446 3668 508 3731 593)
520 3682 531 3692 ¹
578 3670 626 3720 591
645 3669 810 3719 Α555555555
827 3681 954 3719 55555511
971 3681 1044 3719 sunm
1061 3681 1112 3718 nro
1126 3668 1186 3730 (nvo

105 3748 160 3786 om.
177 3732 213 3796 Ε)
229 3732 288 3800 Bu,
305 3749 356 3785 om.
374 3735 400 3784 D
469 3738 518 3788 592
536 3735 595 3787 5515
613 3735 690 3798 [5515]
708 3735 866 3787 1115555155
884 3735 901 3787 1.
918 3752 938 3787 5.
955 3736 998 3800 65,
1016 3735 1099 3787 *vele
1131 3733 1185 3798 [Pu.

105 3800 237 3864 velcaml]
307 3805 356 3855 593
375 3802 436 3870 quoi
452 3804 496 3866 B¹]
515 3804 557 3855 cui
572 3803 643 3869 1321),
666 3805 728 3871 quoi
746 3804 787 3855 cui
804 3804 830 3854 Ε
898 3802 1007 3858 alsense
1076 3805 1187 3857 59155-

104 3882 223 3935 premam
244 3868 390 3935 Turnebus]
408 3885 555 3937 supremum
572 3873 681 3939 (suppr.)
768 3872 816 3923 591
836 3886 887 3924 nox
904 3871 1021 3936 Lipsius]
1039 3886 1100 3923 mox

104 3938 157 4056 598
176 3950 235 4071 epse
251 3935 256 4006 Ι
270 3938 435 4004 negotiosum
447 3939 600 4004 Muellerus]
613 3944 653 3992 est
667 3939 672 4008 Ι
686 3938 837 4006 negotiosus
907 3942 957 3992 602
975 3939 1111 4005 [rugetur
1122 3941 1150 4004 (ι’.
1164 3956 1185 3992 5.

117 4019 190 4077 rugel
