2594 4576
103 221 165 280 124
584 217 701 272 Pulvut
1037 233 1168 288 niuea

103 394 190 456 Erat.
222 392 298 464 Quid
315 394 340 455 si
362 389 459 454 fallisl
503 391 571 490 Luc.
602 391 678 453 Tum
697 409 745 452 me
766 391 855 453 faciat
877 395 967 473 quod
988 395 1050 457 volt
1067 412 1166 474 magau

103 565 191 626 Evcn.
223 563 274 624 Sat
288 562 392 624 habeo.
422 476 711 659 agiffl'iiiiivloquere
729 562 869 641 quidvis.
918 563 993 626 Lxe.
1026 566 1164 627 Simena

105 739 215 815 genere
231 752 290 812 quo
305 733 361 794 sim
378 656 652 810 guatuvslitiridniirillsri
667 736 712 794 est
727 731 906 811 Megadorus
918 736 1101 811 avonculus,

104 838 190 881 meus
204 827 288 898 pater
303 818 359 879 fuit
373 816 574 891 Antimachus,
590 835 646 897 ego
660 835 751 879 vocor
765 817 948 898 Lyconides,
1211 866 1213 907 3

105 902 412 966 materestllunomia.
443 901 531 962 Evcu.
553 903 736 980 Navigenus.
758 920 839 964 nunc
852 902 1117 982 quidvisfidvolo
1137 910 1166 965 0
1211 964 1213 983 ,

105 1006 240 1050 noscere.
271 987 339 1047 Lxc.
362 986 406 1047 Ex
418 994 448 1047 te
460 987 548 1048 filiam
560 995 592 1047 tu
604 986 703 1049 habes.
734 986 820 1048 Erec.
844 987 945 1049 lmmo
959 990 1094 1051 eccillam
1100 987 1165 1050 domi

106 1075 174 1136 Lxu.
198 1073 269 1133 Eam
281 1080 312 1133 tu
325 1070 517 1151 despondisti,
533 1073 650 1152 opinor,
663 1090 729 1133 meo
741 1072 898 1133 avunculo.
946 1072 1041 1136 Evae.
1064 1074 1165 1136 Omne

462 1174 526 1216 rem
541 1166 634 1218 tenes.

108 1242 174 1303 Luc.
206 1241 234 1303 ls
250 1259 297 1302 me
314 1259 395 1302 nunc
409 1242 582 1302 renuntiare
598 1242 754 1321 repudium
770 1241 855 1303 iussit
870 1241 937 1302 tibi.

107 1326 194 1387 Evcn.
225 1327 393 1404 Repudium
409 1325 498 1388 rebus
512 1327 630 1405 paratis,
647 1327 796 1387 exornatis
811 1325 952 1406 nuptiis?

107 1411 236 1473 utillum
252 1411 280 1471 di
296 1409 474 1471 immortales
490 1430 594 1472 omnes
610 1412 739 1490 deaeque
756 1419 931 1489 quantumst
947 1410 1103 1491 perduint,
1139 1419 1166 1471 u

107 1514 195 1574 quem
211 1503 335 1575 propter
350 1495 437 1556 hodie
452 1496 516 1556 auri
533 1504 646 1556 tantum
662 1496 776 1575 perdidi
791 1495 902 1570 infelix,
918 1497 1026 1558 miser.

109 1581 176 1642 Lre.
200 1581 283 1640 Bono
294 1580 391 1641 animo
405 1599 444 1654 es,
460 1580 537 1641 bene
550 1581 622 1642 dice.
646 1599 728 1642 nunc
744 1599 879 1659 quaeres
891 1579 947 1642 tibi
960 1590 1167 1661 etgnataetuaa

108 1665 186 1728 bene
200 1664 385 1744 feliciterque
401 1673 551 1726 vortat-
566 1666 605 1725 ita
620 1666 649 1725 di
665 1666 766 1740 faxint,
781 1665 907 1744 inquito.

108 1750 195 1811 livet.
226 1750 268 1810 lta
283 1750 312 1810 di
324 1750 441 1811 faciant.
486 1751 554 1811 ch.
577 1749 616 1810 Et
626 1751 696 1810 mihi
708 1751 747 1811 ita
758 1751 787 1811 di
799 1751 917 1811 faciant.
952 1751 1023 1812 audi
1038 1753 1168 1814 nuncian.

109 1836 160 1913 qui
175 1836 265 1895 homo
281 1834 398 1913 culpam
413 1835 529 1896 admisit
544 1835 574 1895 in
590 1854 631 1909 se,
648 1835 761 1897 nullust
775 1843 833 1896 tam
849 1835 933 1915 parvi
949 1837 1041 1915 preti,
1140 1844 1168 1897 70

110 1938 200 1998 quom
216 1918 334 1998 pudeat,
349 1919 422 1997 quin
438 1929 547 1998 purget
561 1939 634 1981 sese.
667 1938 749 1981 nunc
763 1929 793 2003 te
811 1921 954 1994 obtestor,
971 1920 1090 1996 Euclio,

109 2013 142 2065 ut
156 2004 181 2065 si
197 2003 267 2082 quid
283 2023 338 2083 ego
355 2021 424 2082 erga
439 2012 467 2064 te
483 2004 648 2083 inprudens
659 2006 777 2084 peccavi
792 2013 841 2066 aut
856 2013 981 2084 gnatam
995 2015 1089 2082 tuam,

110 2098 142 2151 ut
155 2089 196 2149 mi
212 2090 347 2167 ignoscas
362 2106 485 2167 eamque
501 2107 625 2150 uxorem
639 2089 712 2151 mihi
726 2090 787 2164 des,
802 2099 836 2150 ut
850 2091 930 2170 leges
946 2090 1066 2153 iubent

110 2193 164 2253 ego
181 2193 227 2234 me
243 2173 381 2234 iniuriam
393 2175 498 2236 fecisse
512 2174 588 2235 filiae
603 2175 698 2235 fateor
712 2185 790 2247 tuae,
1179 2232 1182 2239 .

111 2259 225 2320 Cereris
240 2259 354 2338 vigiliis,
370 2277 424 2338 per
440 2260 540 2320 vinum
555 2268 643 2338 atque
658 2259 779 2340 inpulsu
795 2259 1025 2321 adulescentiae.
1140 2266 1170 2319 u

110 2343 197 2405 Even.
228 2342 264 2404 lli
278 2344 359 2418 mihi,
377 2344 455 2422 quod
471 2345 587 2406 facinus
603 2353 678 2405 exte
694 2362 748 2422 ego
764 2342 870 2406 audio?
916 2343 987 2406 Lxc.
1012 2345 1075 2407 Cur
1089 2344 1170 2414 eutha

110 2447 198 2507 quern
215 2446 268 2505 ego
285 2446 368 2487 arom
384 2429 441 2490 feci
456 2429 513 2490 iam
529 2438 561 2489 ut
576 2447 655 2491 esses
670 2429 739 2490 filiai
755 2426 887 2510 nuptiis‘f

111 2531 179 2573 uam
194 2521 244 2572 tua
260 2521 347 2591 gnata
362 2515 485 2593 peperit,
502 2515 626 2575 decumo
642 2532 744 2575 mense
760 2523 842 2595 post:
859 2531 1021 2576 numerum
1038 2533 1126 2596 cape;

111 2615 145 2658 ea
160 2615 193 2658 re
208 2597 365 2675 repudium
380 2598 492 2659 remisit
506 2599 667 2660 avonculus
683 2618 769 2661 causa
785 2617 857 2660 mea.

110 2682 219 2754 iintro,
229 2698 384 2759 examero,
394 2683 471 2743 sitne
481 2683 518 2743 ita
528 2692 561 2745 ut
571 2703 626 2763 ego
636 2684 783 2764 praedico.
811 2684 898 2744 Erec.
916 2684 996 2746 Perii
1008 2685 1128 2766 oppido,
1143 2690 1175 2745 70

110 2768 150 2828 ita
164 2767 235 2827 mihi
250 2768 285 2828 ad
300 2767 409 2828 malum
426 2767 518 2828 malae
532 2787 581 2830 res
593 2769 746 2848 plurumae
762 2788 793 2830 se
808 2768 1006 2848 adglutinant.

110 2851 159 2912 ihc
175 2852 264 2926 intro,
281 2861 315 2914 ut
326 2853 396 2932 quid
409 2853 496 2915 huius
508 2872 609 2915 rorum
621 2855 658 2915 sit
669 2855 768 2915 sciam.
802 2855 870 2915 ch.
893 2852 954 2913 lam
967 2863 1000 2915 te
1012 2873 1131 2934 sequor.
1144 2883 1175 2899 -

153 2937 225 2998 haec
240 2939 456 3017 propemodum
472 2940 528 2999 iam
545 2957 608 3001 esse
624 2943 654 3000 tn
670 2939 742 3000 vado
758 2939 859 3001 salutis
872 2957 920 2998 res
935 2938 1066 3001 videtur.

154 3039 236 3082 nunc
251 3040 367 3082 servom
383 3041 446 3084 esse
462 3023 513 3085 ubi
528 3024 623 3085 dicam
638 3043 736 3085 meum
753 3023 914 3085 Strobilum
932 3041 996 3083 non
1014 3024 1148 3105 reperim

153 3106 210 3166 nisi
226 3106 312 3167 etiam
327 3107 375 3167 hic
392 3108 531 3186 opperiar
545 3118 644 3170 tamen
661 3109 826 3188 paulisper;
843 3116 945 3187 postea
960 3107 1045 3170 intro
1144 3115 1177 3169 89

196 3242 246 3292 776
264 3239 325 3307 quid
339 3240 360 3290 si
371 3240 549 3305 Camerarius]
561 3243 582 3294 it
592 3243 661 3305 Bu),
675 3243 701 3294 id
711 3241 770 3293 EB²
830 3244 857 3292 tn
872 3255 913 3292 me
923 3240 1013 3292 mun
1077 3245 1127 3296 778
1137 3254 1179 3293 ne

111 3307 220 3373 daganus
238 3309 264 3357 D
333 3310 382 3361 779
401 3308 565 3374 *paterfuit1
584 3311 723 3376 fuitpater
791 3325 857 3361 voco
875 3308 961 3360 B¹DE
1033 3312 1086 3364 780
1104 3308 1179 3362 idda·

110 3379 250 3438 merarius]
269 3374 328 3425 Luc.
341 3373 367 3425 id
437 3378 483 3429 781
505 3378 553 3428 *ex
572 3383 596 3430 te
615 3377 704 3440 filiam]
722 3377 803 3428 filiam
821 3392 852 3429 ox
871 3381 896 3428 te
915 3379 950 3440 (n.
965 3389 997 3427 ex
1018 3377 1179 3432 telafiliua

110 3447 137 3495 tu
148 3444 269 3507 Botulus,
287 3440 322 3503 cf.
333 3441 468 3494 Mallorua
486 3444 517 3495 da
530 3461 611 3510 pron.
625 3462 696 3511 pera.
707 3446 765 3496 coll.
774 3446 801 3510 9)
862 3443 963 3496 ccillam
1036 3449 1090 3500 782
1108 3443 1181 3500 laud

111 3513 161 3564 784
179 3511 272 3576 paratis
291 3511 419 3562 exornatis
436 3510 551 3576 Nonius]
569 3515 665 3578 paratis
682 3518 760 3580 atque
779 3512 906 3565 exornatis
994 3515 1047 3566 787
1068 3513 1181 3567 beneda

110 3579 232 3644 Pyladea]
246 3582 272 3629 et
285 3577 406 3630 benedico
473 3583 519 3633 797
535 3596 614 3647 quom
625 3581 746 3644 Botulus]
759 3581 821 3648 quin
873 3579 1017 3646 purigetse
1031 3581 1183 3634 Ritscltela'aa

112 3649 161 3698 792
180 3646 202 3695 si
220 3646 307 3695 arad
375 3662 423 3713 ego
442 3648 537 3699 om.B¹
605 3652 654 3702 793
673 3650 698 3700 70
717 3650 750 3700 mi
767 3649 926 3700 ditaaleliua
994 3647 1108 3702 iubeant
1120 3647 1183 3702 uua

112 3717 161 3766 794
180 3711 248 3764 filiae
267 3712 359 3765 fecisse
377 3716 467 3779 codd,
493 3732 562 3767 corr.
583 3716 753 3768 Camerarius
856 3718 904 3770 796
922 3714 993 3781 quod
1020 3732 1072 3784 ego
1092 3719 1183 3771 facinus

111 3796 142 3832 ex
161 3781 203 3832 ted
223 3780 342 3848 Guyetur
421 3785 501 3836 eiuias
519 3784 604 3835 B¹DE
689 3788 737 3837 797
756 3782 825 3836 filiae
907 3786 956 3836 799
975 3785 1066 3837 amisit
1084 3787 1124 3837 11¹

112 3850 160 3901 800
179 3849 187 3899 7
205 3849 241 3898 13²
258 3852 421 3914 Mucianus]
440 3869 489 3905 cm.
507 3853 593 3903 B¹DE
677 3867 804 3918 exquaere
827 3856 941 3903 testatur
958 3853 1132 3918 Priscianus]
1148 3866 1184 3905 ex·

111 3917 183 3982 quire
201 3918 274 3968 BDE
359 3922 408 3973 802
427 3936 514 3973 verum
533 3922 655 3984 Boetius]
674 3922 727 3972 veri
745 3920 802 3984 BD,
820 3920 875 3972 vesi
893 3920 918 3970 la
993 3920 1046 3973 803
1066 3918 1185 3976 ridetd¹

112 3987 161 4038 804
179 3986 320 4038 simbolum
339 3988 381 4052 13²,
400 3988 507 4040 strolum
526 3989 586 4040 B¹ld
653 3988 770 4054 repperio
841 3989 890 4042 805
909 3986 1010 4054 operiar
