2594 4576
52 255 209 307 000000-οο
526 236 681 291 namnum
1095 239 1134 301 77

55 413 134 475 Ano.
164 411 240 483 Quia
255 429 311 490 ego
326 410 404 472 hanc
419 427 485 471 amo
501 417 531 471 et
544 409 618 470 haec
631 427 679 470 me
694 417 786 483 amat,
802 410 872 472 huic
887 410 965 488 qnod
981 410 1048 472 dem
1065 431 1138 475 nus·

421 514 509 573 quam
524 495 726 573 quicquamst;

56 582 134 644 hinc
148 581 216 642 med
232 588 381 642 amantem
396 598 432 640 ex
447 578 569 641 aedibus
584 579 691 659 delegit
706 579 794 641 huius
809 588 910 641 mater.

60 667 178 746 argenti
192 666 296 745 viginti
311 665 408 726 minae
423 665 489 726 med
504 665 540 725 ad
555 672 679 725 mortem
695 665 884 745 appulerunt,

61 769 137 831 quas
152 750 239 812 hddie
254 750 428 812 adulescens
441 749 583 811 Diabolus
598 749 653 828 ipsi
670 748 791 810 daturus
805 750 888 823 dixit,

60 844 96 898 ut
110 837 189 897 hanc
204 854 243 896 nc
258 852 408 913 quoquam
417 834 549 896 mitteret
560 834 616 895 nisi
627 834 662 894 ad
678 853 710 896 se
725 835 807 896 hunc
822 852 935 896 annum
949 843 1053 897 totum.
1096 845 1140 896 660

61 921 173 982 videtin
189 919 292 998 viginti
307 919 404 980 minae
419 919 490 998 quid
506 918 621 999 pollent
634 919 740 997 quidve
756 918 903 998 possunt?

62 1005 114 1067 ille
129 1005 181 1084 qui
196 1004 259 1066 illas
274 1005 371 1084 perdit
384 1004 480 1066 salvos
495 1013 548 1077 est,
566 1022 620 1083 ego
637 1003 688 1082 qui
704 1022 765 1064 non
780 1005 874 1084 perdo
888 1023 991 1084 pereo.

62 1091 126 1151 Lm.
157 1089 219 1150 lam
236 1090 317 1151 dedit
327 1087 504 1168 argentum?
548 1089 619 1149 Ano.
642 1088 708 1150 Non
721 1089 809 1149 dedit.
854 1089 916 1151 Lm.
943 1090 1139 1151 Boncanimo

421 1193 462 1248 es,
478 1191 517 1234 ne
532 1173 666 1235 formido.

62 1260 156 1321 Lnou.
187 1257 299 1320 Secede
310 1258 380 1332 huc,
395 1258 518 1333 Libane,
530 1268 559 1319 te
571 1259 646 1319 volo.
685 1257 748 1319 Lrn.
772 1257 803 1319 Si
816 1258 950 1337 quidvis.
983 1258 1141 1320 0100000-

420 1361 506 1405 00000
521 1362 582 1416 vos,

63 1429 167 1490 eadem
181 1427 254 1488 istac
269 1445 359 1506 opera
373 1429 503 1490 suaviust
518 1427 688 1507 complexos
703 1425 838 1489 fabulari.
922 1457 926 1467 ¹
1097 1437 1142 1488 640

63 1513 157 1574 Leon.
187 1513 254 1573 Non
270 1513 370 1573 omnia
386 1514 487 1574 eadem
503 1530 596 1591 aeque
612 1511 765 1585 omnibus,
782 1531 842 1588 ere,
857 1511 955 1575 suavia
971 1531 1036 1574 esse
1051 1512 1140 1574 scito:

63 1597 147 1660 vobis
163 1605 208 1658 est
222 1615 310 1658 suave
325 1597 492 1659 amantibus
506 1598 677 1677 complexos
691 1597 826 1671 fabulari,
1065 1606 1068 1610 ’

64 1701 121 1762 ego
137 1682 326 1760 complexum
339 1682 429 1743 huius
444 1683 485 1743 nil
501 1701 613 1756 moror,
629 1700 728 1743 meum
744 1690 840 1744 autem
856 1682 905 1743 hic
921 1690 1106 1761 aspernatur.

62 1768 192 1848 proinde
207 1767 284 1828 istud
299 1768 388 1828 iacias
402 1768 465 1846 ipse
480 1769 561 1846 quod
576 1767 717 1829 iaciamus
733 1766 820 1829 nobis
834 1765 950 1828 suades.

63 1854 137 1913 Aac.
161 1851 225 1930 Ego
237 1870 316 1926 vero,
328 1853 489 1931 etquidem
502 1852 608 1932 edepol
618 1852 735 1915 lubens.
759 1852 882 1927 interea,
894 1852 919 1914 si
932 1850 1056 1927 videtur,
1098 1860 1143 1911 640

64 1936 221 1998 concedite
235 1936 320 1998 istnc.
364 1937 455 1998 Lnon.
485 1937 540 1998 Vin
563 1956 646 1998 erum
662 1936 782 1998 deludit
827 1938 889 1998 lun.
919 1937 1142 2015 lligoustsane.

62 2022 159 2085 Leon.
189 2021 245 2082 Vin
261 2021 366 2082 faciam
380 2031 414 2083 ut
428 2031 457 2083 te
472 2022 657 2084 Philaenium
672 2031 828 2101 praesente
843 2023 901 2083 hoc
915 2017 1121 2101 amplexetur?

64 2106 129 2168 Lrn
161 2105 255 2185 Cupio
269 2106 380 2170 hercle.
425 2106 516 2167 Lnon.
547 2107 680 2186 Sequere
695 2108 758 2167 hac.
802 2108 874 2168 6000.
904 2106 1018 2184 Ecquid
1037 2113 1142 2166 estsu-

11 2258 15 2263 ,
423 2189 515 2252 lutis?
530 2192 601 2253 satis
615 2192 716 2252 locuti.

62 2276 159 2338 Leon.
188 2275 358 2336 Auscultate
373 2283 461 2354 atque
477 2294 597 2356 operam
614 2278 680 2338 date
695 2283 724 2336 et
738 2293 803 2336 mea
818 2274 896 2336 dicta
910 2274 1057 2335 devorate.

65 2361 199 2441 primum
215 2359 347 2420 omnium
363 2379 463 2421 servos
477 2370 546 2422 tuos
562 2381 617 2422 nos
631 2380 695 2423 esse
712 2381 772 2422 non
789 2376 949 2440 negamus3
1099 2368 1142 2418 660

64 2444 118 2507 006
134 2445 159 2507 si
175 2444 229 2505 tibi
243 2445 347 2522 viginti
362 2445 460 2506 minae
475 2447 592 2523 argenti
608 2448 808 2526 proferentur,

63 2549 127 2610 quo
140 2528 480 2592 nusvocobisnomine‘l
513 2533 584 2592 Aac.
608 2531 754 2593 Libertos.
788 2531 880 2592 Lnon.
902 2531 968 2591 Non
980 2524 1144 2609 patronos?

65 2619 140 2676 Aac.
171 2614 203 2674 ld
219 2614 328 2694 potius.
373 2615 464 2677 Leon.
495 2615 605 2695 Viginti
621 2617 719 2677 minae
734 2617 783 2677 hic
798 2616 902 2677 insunt
915 2616 947 2676 in
964 2613 1108 2688 crumina,

65 2700 120 2761 has
136 2717 202 2778 ego,
217 2700 242 2760 si
257 2699 310 2772 vis,
326 2699 380 2760 tibi
394 2699 481 2762 dabo.
525 2702 597 2761 Aac.
627 2702 663 2762 Di
678 2712 707 2762 te
723 2701 883 2763 servassint
897 2717 1025 2779 semper,

65 2792 170 2846 custos
185 2784 274 2858 erilis,
291 2786 382 2847 decus
397 2786 488 2864 popli,
504 2786 682 2849 thensaurus
698 2786 861 2866 copiarum,
1101 2792 1144 2843 660

64 2868 88 2946 †
103 2869 184 2930 salus
198 2869 350 2931 interioris
363 2870 493 2932 hominis
508 2871 676 2949 amorisque
692 2871 862 2951 imperator.

65 2954 116 3015 hic
130 2972 221 3034 pone,
236 2954 285 3015 hic
299 2954 386 3016 istam
401 2955 524 3017 conloca
540 2955 707 3016 cruminam
722 2955 754 3016 in
770 2955 847 3016 collo
862 2955 958 3034 plane.

66 3039 162 3100 Ln'om
191 3039 266 3099 Nolo
283 3058 338 3119 ego
353 3048 392 3114 te,
409 3040 460 3119 qui
475 3058 544 3102 erus
559 3040 599 3101 sis
614 3041 694 3114 mihi,
711 3059 788 3101 onus
803 3040 879 3101 istuc
895 3039 1052 3101 sustinere.

66 3124 141 3184 Aac.
159 3122 237 3194 Quin
253 3131 285 3185 tu
301 3124 402 3185 labore
416 3124 526 3186 liberas
541 3133 569 3186 te
584 3133 673 3204 atque
688 3125 774 3187 istam
789 3125 910 3204 inponis
925 3125 956 3185 in
972 3121 1042 3184 me?

65 3208 163 3271 Lucu.
182 3207 246 3287 Ego
258 3207 406 3285 baiulabo,
418 3218 461 3285 tu,
471 3208 766 3284 ntdecetdominum‚
778 3218 848 3271 ante
859 3229 907 3270 me
917 3209 958 3270 ito
966 3208 1073 3269 inanis.
1101 3215 1146 3266 660

156 3375 203 3426 631
223 3372 282 3426 med
300 3374 537 3427 haecmucaoum
606 3393 743 3444 numquam
756 3377 829 3428 BDE
898 3377 948 3428 632
966 3374 1042 3426 eiecit
1053 3373 1147 3425 Fleck-

65 3442 295 3562 ‘'''tttlttl
314 3442 493 3563 ‘'tuttt'
563 3444 850 3567 60661006
918 3459 995 3563 'lili
1029 3440 1147 3561 6366ῗέ

66 3526 108 3630 {iu
125 3549 210 3643 perun
227 3579 267 3628 na
336 3578 429 3645 perdor
445 3529 502 3631 aas
551 3582 610 3633 000.
623 3530 774 3633 clfflmqun
842 3582 890 3633 000
909 3526 1146 3640 mou‘nqzuulo]

65 3645 140 3701 lna...
192 3661 274 3713 aeque
291 3647 432 3711 Angelius]
452 3652 530 3714 atque
600 3651 649 3701 643
668 3649 743 3700 Lacr.
761 3663 846 3700 meum
864 3646 940 3698 BDE
1008 3647 1050 3698 hic
1067 3646 1148 3712 hsta·

66 3715 123 3777 das]
143 3713 207 3766 haec
276 3717 327 3768 644
345 3715 475 3767 1000100110
544 3717 594 3768 646
612 3716 718 3783 dignust
729 3718 802 3779 Pius]
821 3715 925 3780 dignum
944 3718 984 3766 est
1053 3717 1103 3767 641
1121 3717 1147 3766 te

66 3782 215 3845 Lomcnur]
233 3797 275 3834 me
345 3784 394 3836 618
413 3784 477 3836 satis
495 3800 545 3835 om.
561 3785 587 3836 Ε
656 3787 702 3837 651
722 3782 769 3836 006
787 3785 809 3834 01
828 3783 875 3835 tibi
887 3787 911 3846 ς]
930 3781 976 3834 006
994 3783 1041 3834 tibi
1053 3782 1147 3845 B¹DE,

67 3849 115 3905 sed
135 3849 182 3901 tibi
200 3850 223 3901 si
240 3850 276 3901 13²
346 3853 396 3903 652
413 3850 489 3903 Lnon.
508 3868 558 3903 om.
575 3852 674 3903 B¹nn¹
692 3854 764 3917 (itam
776 3853 825 3904 653
837 3852 911 3915 Anu.)
981 3855 1032 3906 654
1049 3867 1110 3918 ergo
1122 3851 1148 3900 Ι)

66 3919 143 3981 (item
161 3919 220 3971 658.
231 3919 290 3983 688)
343 3922 428 3983 [nunc]
447 3920 494 3971 tibi
511 3921 701 3972 Fleckeissnur
759 3921 809 3972 656
827 3919 947 3983 bominis]
967 3921 1080 3988 eorporis
1098 3919 1149 3970 DE

67 3984 157 4038 *salus
174 3987 306 4052 maeroris,
324 3985 448 4054 llymenis
465 3987 618 4055 Amorisque
636 3989 662 4055 i.‚
681 3985 717 4048 cf.
734 3988 822 4040 Herm.
842 3989 884 4053 18,
901 3989 951 4042 581
1049 4010 1051 4015 ·
