2594 4576
155 249 210 303 VIII
593 249 777 303 PRAEFATIO

155 423 185 483 in
203 422 437 501 septenariorum
453 440 590 483 versuum
606 421 766 497 dibaeresi,
788 422 932 501 siquidem
947 423 1110 486 inconexos
1133 424 1228 485 inter·

156 507 225 568 dum
234 507 289 569 bos
301 525 421 586 quoque
431 525 534 568 versus
545 507 651 586 longos
659 507 795 568 Plautum
808 509 1009 587 composuisse
1020 508 1160 570 credibile
1172 517 1227 570 est.

155 592 305 653 Innumeri
327 601 424 653 autem
445 592 542 653 hiatus
563 611 638 670 quos
660 593 776 653 codices
802 593 946 672 praebent
967 593 1038 671 quin
1063 593 1228 671 antiquitus

154 677 262 751 traditi,
278 696 340 738 non
356 695 462 738 recens
477 676 538 737 nati
553 677 622 750 sint,
645 695 707 737 non
724 677 931 752 dubitabimus,
951 678 1003 738 sed
1019 696 1052 738 ea
1067 686 1161 738 aetate
1176 696 1227 737 or-

154 771 201 824 tos
217 762 348 823 dicemus
369 779 427 841 qua
448 770 478 822 et
491 761 561 822 artis
576 761 728 823 Plautinae
743 763 867 823 scientia
888 772 917 823 et
939 762 1135 842 synaloephae
1155 781 1228 824 usus

155 847 294 929 paulatim
310 845 511 922 evanescebat,
533 853 671 925 acceptos
686 857 715 908 et
730 847 794 908 siue
809 847 993 908 dubitatione
1010 857 1147 926 receptos
1162 866 1227 908 esse

155 933 190 993 ab
207 931 389 994 Hadrianeae
404 931 517 1005 aetatis,
540 949 615 1010 quae
631 931 734 992 iamin
750 931 871 993 vocibus
885 932 991 993 hiulcis
1014 951 1075 993 uon
1093 931 1227 993 offende-

153 1018 212 1092 bat,
235 1016 441 1097 grammaticis.
472 1016 551 1095 quod
575 1035 609 1076 eo
626 1017 738 1077 facilius
753 1016 817 1077 fieri
839 1025 1028 1096 poteratque
1045 1018 1162 1096 saepius
1177 1034 1227 1077 ac-

155 1103 265 1163 ciderat
279 1111 312 1163 ut
326 1101 476 1162 vocabulis
491 1100 686 1180 transpositis,
709 1101 820 1163 voculis
834 1102 869 1162 ad
885 1120 949 1163 rem
966 1120 1028 1162 non
1052 1101 1228 1163 necessariis

154 1187 279 1261 omissis,
294 1185 453 1248 verborum
469 1185 572 1247 formis
587 1187 617 1246 iu
631 1186 778 1247 novicium
793 1186 983 1266 splendorem
995 1187 1121 1248 redactis
1135 1185 1227 1246 hiulci

153 1290 256 1333 versus
278 1271 342 1333 siue
365 1271 529 1332 sententiae
551 1271 728 1332 detrimento
750 1271 916 1332 evaderent.
947 1291 1002 1332 nos
1017 1290 1087 1331 vero
1103 1271 1154 1332 ubi
1170 1289 1227 1331 nec

153 1356 254 1435 lingua
274 1356 351 1417 laesa
374 1364 419 1418 est
439 1374 496 1417 nec
518 1356 665 1417 sententia
679 1356 751 1417 tales
765 1374 867 1418 versus
889 1364 967 1417 certa
989 1356 1103 1417 ratione
1119 1374 1227 1416 recon-

153 1441 295 1502 cinnandi
313 1441 489 1502 adminicula
512 1440 725 1515 desideramus3
748 1441 838 1502 immo
862 1441 1028 1521 complures
1050 1441 1228 1519 plerumque

153 1526 214 1586 riae
230 1535 332 1605 patent
350 1544 425 1604 quae
441 1525 478 1586 ad
492 1526 622 1605 speciem
637 1525 763 1604 aliquam
783 1525 819 1586 ab
836 1533 898 1586 arte
913 1525 1007 1586 Plauti
1023 1544 1083 1586 uon
1101 1525 1228 1586 alienam

153 1610 300 1672 deducere
315 1610 446 1690 possint,
469 1610 487 1670 i.
504 1629 530 1671 e.
546 1610 646 1670 ludere
662 1611 797 1690 cogimur
812 1610 863 1688 qui
883 1611 938 1671 ista
954 1611 1111 1671 emendare
1126 1610 1227 1671 stude-

152 1714 227 1756 mus.
257 1696 402 1757 hactenus
416 1695 503 1775 plane
519 1695 591 1755 mihi
606 1696 745 1757 convenit
760 1714 829 1756 cum
845 1695 952 1774 eisqui
968 1714 1029 1755 non
1046 1704 1105 1755 tam
1121 1694 1228 1755 admit-

152 1787 221 1842 tunt
234 1781 345 1842 hiatum
361 1799 449 1859 quam
470 1789 605 1860 pugnant
620 1788 723 1841 contra
745 1780 843 1842 inania
866 1780 1036 1841 criticorum
1059 1779 1226 1840 conamina.

153 1866 183 1926 iu
207 1866 249 1927 eis
271 1865 360 1945 igitur
380 1864 514 1926 versibus
536 1865 587 1942 qui
609 1873 725 1944 praeter
754 1865 866 1927 hiatum
897 1865 1092 1925 offensionem
1115 1864 1226 1924 nullam

153 1951 312 2030 praebent,
336 1950 392 2011 nisi
407 1952 483 2010 sorte
506 1950 616 2009 formas
631 1950 789 2010 verborum
804 1949 907 2010 Plauto
931 1950 1050 2011 usitatas
1069 1950 1227 2011 restituere

153 2043 282 2114 praestat
295 2039 397 2114 (atque
411 2033 532 2114 reposui
555 2034 672 2112 quidem
689 2052 893 2113 quaecumque
915 2041 995 2094 certa
1010 2053 1073 2095 esse
1088 2033 1227 2107 arbitror,

153 2120 215 2181 cavi
230 2121 352 2181 omnino
368 2138 406 2181 ne
421 2118 523 2180 relicta
534 2119 656 2181 fortasse
669 2121 820 2181 vetustatIs
830 2118 950 2198 vestigia
962 2119 1136 2198 corrigendo
1151 2118 1228 2178 obli-

152 2205 294 2282 marem),
316 2205 392 2265 ultra
415 2204 536 2265 traditas
557 2205 722 2266 fabularum
744 2205 950 2280 recensiones,
978 2204 996 2264 i.
1020 2223 1045 2264 e.
1068 2205 1144 2264 ultra
1168 2204 1227 2263 lla·

156 2290 294 2351 drianeae
309 2291 409 2351 aetatIs
424 2290 632 2367 grammaticos
654 2290 773 2369 prodire
788 2309 849 2350 non
865 2290 942 2351 licet.
972 2289 1071 2367 itaque
1086 2289 1165 2350 inter
1179 2289 1228 2349 iu·

154 2384 255 2453 tegros
276 2393 379 2435 versus
400 2373 516 2434 hiantes
537 2372 646 2434 multos
668 2374 790 2452 reliqui,
819 2374 850 2433 in
874 2373 1064 2435 adnotatione
1085 2376 1228 2453 (namque

156 2478 210 2538 pro
232 2459 311 2521 sanis
331 2458 481 2519 venditare
504 2476 560 2518 nec
581 2457 657 2518 volui
673 2476 730 2518 nec
745 2456 845 2532 debui)
869 2457 939 2536 quid
961 2477 1075 2539 ponere
1096 2459 1229 2537 potuerit

155 2552 242 2623 poeta
264 2543 404 2618 indicavi3
428 2561 503 2620 quos
525 2542 603 2602 hiatu
626 2541 745 2602 liberavi
761 2561 863 2604 versus
885 2562 947 2603 uon
969 2550 1092 2624 propter
1115 2544 1228 2604 hiatum

156 2629 281 2702 correxi,
297 2629 348 2689 sed
364 2627 427 2688 aliis
442 2625 606 2688 rationibus
621 2627 736 2688 ductus.

239 2714 306 2774 Non
322 2713 398 2773 idern
414 2712 450 2772 de
465 2711 555 2773 rebus
569 2711 699 2773 metricis
715 2711 852 2773 omnibus
873 2712 1047 2786 dicendum;
1070 2713 1160 2773 immo
1178 2731 1227 2773 ac·

155 2798 253 2858 cidere
269 2798 343 2859 solet
358 2806 391 2859 ut
413 2805 509 2858 certae
524 2796 603 2877 leges
619 2815 750 2875 quasque
773 2806 891 2876 poetam
914 2792 1085 2859 observasse
1106 2797 1228 2877 probari

155 2883 249 2961 possit
264 2883 414 2944 non'siue
435 2882 600 2943 sententiae
622 2882 720 2961 aliquo
744 2882 922 2943 detrimento
937 2882 1094 2944 violentur.
1132 2882 1227 2943 canti-

155 2986 258 3028 corum
282 2976 380 3029 autem
399 2967 521 3028 liberius
543 2968 737 3028 formatorum
758 2967 813 3028 arti
836 2968 1060 3046 cognoscendae
1083 2968 1153 3029 satis
1175 2968 1227 3027 fir-

155 3070 236 3113 mum
257 3053 470 3134 praestiterunt
492 3051 610 3114 codices
632 3052 663 3113 in
680 3052 851 3113 colometria
872 3071 934 3113 nou
954 3052 1041 3114 nimis
1063 3070 1078 3112 a
1099 3052 1228 3114 librariis

156 3137 311 3199 obscurata
325 3138 561 3199 fundamentum.

240 3221 436 3302 Interpolatas
451 3221 488 3282 ab
498 3221 693 3283 histrionibus
704 3220 817 3282 fabulas
829 3229 858 3280 et
869 3227 1050 3293 retractatas,
1066 3220 1228 3281 nonnullas

155 3307 186 3368 in
202 3307 321 3368 brevius
333 3314 499 3368 contractas
512 3306 557 3367 vel
573 3325 607 3367 ex
622 3315 727 3386 poetae
738 3305 871 3367 versibus
886 3313 915 3365 et
929 3313 1154 3367 retractatorum
1170 3305 1227 3365 dit·

154 3393 316 3472 tographiis
332 3391 526 3452 concinnatas
548 3391 605 3451 iam
621 3391 714 3451 Varro
738 3392 898 3465 invenerat,
921 3391 1005 3451 cuius
1027 3390 1070 3451 rei
1093 3409 1153 3450 non
1172 3389 1228 3449 ob-

156 3496 241 3539 scura
262 3477 369 3538 indicia
391 3477 498 3555 partim
520 3476 617 3556 primo
634 3475 739 3538 obtutu
761 3483 984 3554 cognoscuntur
1004 3475 1110 3554 partim
1127 3494 1142 3535 a
1157 3475 1227 3535 viris

155 3563 249 3624 doctis
265 3572 345 3623 certa
355 3561 469 3622 ratione
481 3561 614 3641 indagata
627 3569 707 3622 sunt.
737 3579 914 3639 quamquam
931 3559 1008 3639 quod
1025 3560 1055 3620 in
1067 3560 1124 3620 hoc
1136 3578 1227 3636 quae-

156 3647 286 3709 stionum
300 3665 411 3725 genere
426 3645 555 3725 primum
572 3665 636 3706 esse
652 3645 752 3719 debet,
769 3646 909 3706 nimirum
925 3663 1012 3724 quam
1028 3645 1090 3723 ipse
1106 3645 1227 3704 Plautus

155 3732 186 3792 in
203 3731 418 3811 exemplaribus
438 3731 551 3808 graecis
574 3730 697 3791 barbare
712 3731 860 3791 vertendis
880 3731 1024 3791 rationem
1044 3740 1093 3789 aut
1108 3736 1227 3790 secutus

156 3816 194 3877 sit
208 3825 259 3876 aut
279 3817 373 3896 possit
394 3826 512 3877 secutus
527 3835 600 3888 csse,
622 3817 684 3876 lere
706 3815 884 3876 distulerunt
897 3833 1039 3894 quaerere
1060 3812 1162 3892 quide
1179 3832 1226 3873 rc·

155 3901 378 3962 tractationibus
393 3911 529 3979 egerunt.
560 3899 611 3961 sed
630 3901 665 3960 de
680 3899 725 3961 bis
741 3900 831 3961 rebus
853 3899 1020 3979 disputandi
1037 3898 1090 3958 alia
1110 3899 1226 3959 occasio

155 3984 281 4046 dabitur.
