2594 4576
109 276 159 328 {1ss.
173 274 232 318 1-x
555 254 748 308 nurnnavo
1150 253 1191 313 43

111 432 237 512 (Auen.)
258 431 296 492 At
310 449 365 511 ego
381 437 463 491 certo
480 446 568 490 cruce
584 436 613 488 et
625 427 788 519 cruciatum
800 427 933 489 mactabo
946 446 1022 489 eruo
1034 425 1193 506 mastigia†
1208 439 1250 493 ng.
1264 438 1274 482 1

111 568 237 646 fflnuc.)
265 552 343 629 Erus
357 565 584 645 Amphitruoni]
599 569 770 644 occupatus.
1207 573 1227 618 u

114 703 239 783 (Mauo.)
266 708 375 754 4υ-υ
385 700 517 762 abitendi
533 705 614 761 nunc
628 700 682 760 tibi
696 699 783 760 etiam
799 699 951 761 occasiost.
1207 707 1237 752 ¹11
1247 707 1291 760 (XV

116 839 238 920 (blanc)
269 839 399 917 optumo
414 837 479 898 iure
494 835 673 913 infringatur
687 834 753 896 aula
768 834 876 896 cineris
892 838 922 894 in
939 842 1036 914 caput.
1203 841 1231 886 lv
1245 843 1295 897 (nn

114 973 236 1052 (blanc.)
267 973 310 1034 Nc
321 981 354 1034 tu
365 971 496 1052 postulas
507 970 646 1032 matulam
658 989 747 1031 unam
759 970 813 1030 tibi
825 989 917 1049 aquae
927 970 1044 1031 infundi
1053 969 1083 1031 in
1095 976 1192 1049 caput.
1206 978 1223 1019 V
1236 977 1283 1031 tlvt

116 1109 238 1190 (lianc.)
262 1106 424 1170 Laruatu’s.
447 1106 553 1186 edepol
564 1106 714 1167 bominem
727 1105 876 1167 miserum.
891 1105 1038 1167 medicum
1050 1104 1191 1185 quaerito.
1206 1113 1233 1156 Vl
1247 1113 1294 1165 titt

114 1330 211 1410 (Aac.)
235 1328 410 1390 Exiuravisti
425 1332 454 1388 tc
469 1327 541 1388 mibi
556 1327 622 1389 dixe
638 1331 693 1407 ptr
706 1328 814 1389 iocum.
1205 1349 1242 1392 ru
1256 1349 1293 1402 (nr

115 1467 212 1547 (Anu.)
235 1465 351 1536 Quaeso
366 1462 533 1524 advenienti
547 1464 653 1524 morbo
668 1463 809 1524 medicari
823 1463 907 1526 iube:
1204 1483 1253 1527 uu
1267 1486 1288 1537 (ς

234 1558 267 1611 tu
281 1557 363 1611 certe
377 1556 428 1609 aut
442 1548 573 1610 laruatus
589 1557 639 1608 aut
654 1549 781 1610 cerritus
796 1568 836 1610 es.

113 1687 210 1762 (Aac.)
232 1684 293 1746 Nisi
307 1685 365 1745 hoc
379 1684 420 1745 ita
435 1685 574 1745 factumst
589 1682 715 1762 proinde
730 1691 763 1743 ut
778 1683 888 1743 sactum
905 1701 969 1743 esse
985 1691 1117 1755 autumo,
1206 1703 1234 1747 rn
1247 1703 1295 1756 (nn

234 1787 296 1830 non
313 1787 430 1831 causam
446 1769 512 1830 dico
529 1769 601 1848 quin
616 1785 686 1828 vero
701 1764 855 1830 insimules
870 1766 982 1847 probri.

111 1972 232 2052 (burn.)
256 1971 333 2044 Quid
348 1972 506 2034 minitabas
521 1977 549 2034 te
564 1973 720 2049 iacturum,
736 1972 760 2034 si
775 1976 845 2034 istas
859 1971 1037 2052 pepulissem
1053 1969 1154 2033 iores?
1205 1987 1270 2040 xiv)

199 2173 424 2240 Amphitruonem
448 2179 590 2241 postquam
614 2174 766 2225 Mercurius
792 2175 859 2223 sotis
882 2172 1038 2233 ludificatus
1064 2178 1102 2223 est
1125 2170 1190 2236 (srg.

111 2243 205 2307 1—6')‚
228 2242 330 2294 clamor
352 2247 378 2292 ct
395 2244 514 2309 pultutio
532 2243 687 2294 Alcmenam
712 2243 815 2291 crocitat
837 2257 872 2291 esa
895 2241 1019 2303 aedibus,
1042 2254 1109 2305 quae
1131 2255 1191 2291 cum

111 2314 173 2362 uiro
190 2312 323 2362 ubercota
340 2311 473 2378 (Iuppiter
488 2311 592 2363 scilicet
603 2313 635 2361 ab
653 2310 702 2361 illa
720 2310 876 2360 discesserat
892 2309 930 2359 ud
940 2323 997 2358 rem
1012 2307 1131 2358 divinam
1147 2306 1193 2368 sa·

112 2379 248 2443 mendam)
265 2383 292 2428 et
308 2381 366 2444 ipsa
385 2395 444 2430 eum
462 2379 583 2430 excludit
595 2377 661 2444 (Ing.
674 2378 759 2441 7-9).
788 2377 904 2438 sortasse
915 2376 1077 2442 Amphitruo
1095 2377 1132 2426 ad
1148 2391 1192 2426 ar·

112 2447 252 2498 cassandas
269 2449 339 2497 ciues
353 2463 477 2498 scaenam
495 2448 621 2512 reliquit5
640 2450 710 2498 certe
727 2461 787 2496 cum
804 2446 974 2511 Bupnarone
992 2443 1069 2495 Sosia
1085 2443 1190 2509 prodit,

110 2515 182 2566 male
200 2514 296 2565 deinde
314 2516 347 2565 ab
366 2531 411 2566 ero
429 2520 560 2581 acceptus.
593 2518 720 2580 precator
739 2513 783 2564 illi
800 2516 894 2564 emistit
909 2513 1051 2578 Bleplroro.
1087 2512 1192 2563 domini

111 2586 172 2634 irae
189 2599 217 2632 se
233 2582 393 2633 subduxisse
408 2583 516 2634 uidetur
532 2598 626 2634 serum
644 2580 709 2648 (srg.
729 2581 849 2645 10-14).
886 2582 1007 2646 Iuppiter
1031 2597 1066 2631 ese
1083 2581 1192 2631 aedibus

107 2651 242 2718 procedit.
277 2652 392 2701 maritus
417 2656 444 2702 ct
460 2653 583 2702 moechus
599 2653 715 2701 inuicem
732 2666 760 2700 se
776 2653 889 2715 raptant
904 2665 955 2713 pro
973 2650 1097 2701 moechis.
1132 2648 1193 2699 Ble-

109 2721 260 2786 pharonem
271 2719 433 2784 Amphitruo
452 2720 574 2784 aduocat,
591 2719 713 2784 Iuppiter
728 2722 761 2768 ut
776 2719 883 2768 videtur
900 2717 1016 2767 ludibrio
1029 2719 1108 2768 babet
1124 2714 1191 2781 (srg.

111 2786 233 2851 15-19).
251 2815 286 2824 -
303 2787 434 2852 quaedam
452 2788 505 2838 duo
527 2791 688 2852 argumenta
706 2791 732 2837 et
748 2788 889 2851 utriusque
913 2785 957 2834 dei
978 2787 1007 2835 in
1025 2783 1120 2845 sabula
1136 2801 1192 2835 ser·

110 2870 204 2906 moues
215 2855 318 2920 docent,
336 2855 392 2906 alia
404 2858 453 2920 qui
462 2871 572 2907 scaenas
584 2855 681 2906 Plauto
693 2855 834 2919 stipposuit
849 2852 1028 2914 intellexerat,
1047 2852 1103 2903 alia
1116 2852 1190 2914 Hoff-

110 2938 227 2974 mannus
245 2922 318 2984 (diss.
337 2922 449 2975 Vratist
459 2923 536 2987 1848)
555 2923 707 2988 Vesingius,
724 2921 874 2973 Brundtius
884 2921 961 2985 (Mus.
971 2919 1019 2972 Itu.
1030 2919 1072 2985 34,
1081 2920 1132 2972 575
1142 2921 1191 2985 sq.)

111 2990 295 3042 Schroederus
311 2991 383 3056 (diss.
401 2992 515 3056 Argunt.
535 2991 625 3056 1879),
641 2995 754 3055 uterquc
767 2990 920 3054 glossamim
938 2987 1128 3040 Nonianarum
1147 3005 1190 3040 or-

111 3059 186 3110 dinis
201 3061 336 3109 rationem
354 3060 487 3124 babentes,
504 3061 695 3125 novissimique
712 3058 825 3109 editores
843 3057 1026 3123 expedierunt.

198 3125 208 3178 1
225 3125 332 3178 Nonius
342 3126 394 3180 342
411 3129 532 3193 (mactare
550 3127 618 3180 malo
634 3125 744 3178 adficere
756 3124 894 3191 significat)
964 3130 990 3177 at
1008 3139 1057 3191 ego
1076 3130 1101 3177 te
1119 3129 1189 3176 certo

111 3194 236 3256 cruciatu,
254 3195 381 3259 mactabo,
400 3195 519 3262 mastigia
536 3195 584 3246 LG
661 3194 682 3245 ll
699 3193 805 3246 Nouius
822 3194 873 3246 354
891 3194 1052 3259 (occupatus)
1132 3195 1190 3255 [est]

110 3263 291 3325 Hoffmannus
358 3263 389 3315 lll
407 3266 563 3315 Priscianus
575 3263 651 3315 1564
669 3261 787 3329 quamvis
798 3259 907 3312 Plautus
918 3252 1042 3312 ‘abiendi'
1061 3259 1125 3311 dixit
1142 3275 1189 3326 pro

108 3323 242 3383 ‘abeundi'
327 3331 439 3384 abitendi
459 3331 506 3383 LG
522 3330 720 3396 (Hoffmannus)
767 3328 833 3381 .1v
850 3328 957 3380 Nonius
973 3328 1025 3380 543
1042 3327 1120 3393 (aula)

109 3398 136 3449 V
152 3397 261 3450 Nonius
272 3399 338 3453 ibid.
357 3399 470 3463 (matella
489 3399 621 3466 aquarium
633 3404 690 3457 vas)
760 3397 877 3463 postulas
891 3396 1082 3457 Sebroederus]
1100 3397 1189 3461 postu·

109 3467 151 3519 les
219 3464 286 3526 fort.
304 3468 434 3520 matellam
513 3483 606 3534 aquam
625 3466 740 3530 Nonius,
759 3480 840 3533 aquae
859 3483 881 3530 ς,
900 3479 980 3532 aquas
998 3463 1147 3514 Brandtius
1165 3468 1191 3514 et

109 3534 307 3599 Sammaei-ue,-
325 3534 361 3596 cf.
379 3537 416 3587 ad
432 3536 500 3588 1058
586 3534 619 3586 Vl
636 3534 742 3587 Nonius
757 3549 785 3600 p.
803 3534 837 3585 44
854 3533 949 3597 (cerriti
967 3537 993 3583 ct
1013 3531 1112 3594 laruati)

108 3603 241 3672 quaeritat
252 3601 367 3669 Nonius,
380 3619 449 3655 corr.
459 3603 601 3654 Acidaliae
662 3601 704 3654 Vll
716 3601 823 3653 Nonius
836 3601 884 3654 105
899 3600 1024 3666 (exiurare
1037 3603 1063 3651 et
1075 3598 1190 3650 deiurare

107 3672 129 3724 i.
148 3685 171 3722 c.
189 3669 265 3722 valde
283 3670 375 3734 iurare)
461 3670 516 3721 Vlll
531 3670 638 3723 Nonius
652 3676 715 3737 post
732 3670 773 3722 VI
787 3671 827 3735 (p.
839 3670 883 3733 44)
901 3674 926 3719 et
939 3683 967 3732 p.
979 3667 1030 3719 247
1048 3665 1189 3730 (advenire)

106 3740 220 3808 quaeso]
239 3738 313 3804 quasi
324 3739 431 3791 Nonius
444 3741 539 3805 priore
557 3739 614 3790 loen
683 3738 773 3790 morbo
792 3736 911 3789 medicari
928 3735 988 3786 iube
1001 3735 1189 3799 Sobroederue]

104 3806 203 3860 morbo
220 3805 341 3858 medicati
359 3807 478 3860 iuuenem
491 3805 565 3859 Noni
583 3809 679 3873 optimi
696 3807 771 3858 codd.
780 3822 808 3871 p.
822 3805 863 3869 44,
882 3805 1026 3855 deteriores
1042 3818 1076 3855 m.
1094 3804 1189 3866 iuvem,

104 3874 183 3928 Non.
191 3889 219 3940 p.
229 3873 280 3926 247
297 3876 397 3928 moribo
415 3875 469 3927 iure
487 3875 591 3940 (luber)
651 3877 702 3927 ui
721 3878 828 3925 tentum
842 3888 871 3938 p.
881 3873 915 3924 44
978 3871 1092 3924 laruatus
1104 3887 1132 3923 es
1145 3876 1189 3924 aut

104 3943 218 3997 cerritus
287 3943 321 3994 lx
338 3943 443 3996 Nonius
451 3943 503 3996 237
514 3944 666 4007 (autumare)
735 3941 893 3992 dicoverum
907 3940 968 4006 quin
985 3940 1091 3992 simules
1104 3940 1188 4001 codd,

106 4027 185 4065 carr.
196 4010 347 4064 Brandtius
363 4017 390 4064 et
401 4011 582 4064 Sebroederus
644 4010 668 4062 X
684 4008 790 4061 Nonius
802 4008 854 4061 473
871 4009 984 4073 (minitas
995 4024 1041 4076 pro
1054 4007 1189 4071 minitaris)
