<?xml version="1.0" encoding="UTF-8"?>
<!DOCTYPE html PUBLIC "-//W3C//DTD XHTML 1.0 Transitional//EN"
    "http://www.w3.org/TR/xhtml1/DTD/xhtml1-transitional.dtd">
<html xmlns="http://www.w3.org/1999/xhtml" xml:lang="en" lang="en">
 <head>
  <title>
</title>
<meta http-equiv="Content-Type" content="text/html;charset=utf-8" />
  <meta name='ocr-system' content='tesseract 3.04.00' />
  <meta name='ocr-capabilities' content='ocr_page ocr_carea ocr_par ocr_line ocrx_word'/>
</head>
<body>
  <div class='ocr_page' id='page_1' title='image "./tmacciplauticom00leogoog_0082.png"; bbox 0 0 2594 4576; ppageno 0'>
   <div class='ocr_carea' id='block_1_1' title="bbox 122 190 1189 311">
    <p class='ocr_par' dir='ltr' id='par_1_1' title="bbox 122 190 1189 311">
     <span class='ocr_line' id='line_1_1' title="bbox 122 190 1189 311; baseline 0.005 -24"><span class='ocrx_word' id='word_1_1' title='bbox 122 190 165 296; x_wconf 59' lang='grc'><strong>64</strong></span> <span class='ocrx_word' id='word_1_2' title='bbox 603 236 725 290; x_wconf 72' lang='lat' dir='ltr'><strong>piavit</strong></span> <span class='ocrx_word' id='word_1_3' title='bbox 1071 246 1189 311; x_wconf 52' lang='lat' dir='ltr'><strong>uzu-iq</strong></span> 
     </span>
    </p>
   </div>
   <div class='ocr_carea' id='block_1_2' title="bbox 82 409 1231 3205">
    <p class='ocr_par' dir='ltr' id='par_1_2' title="bbox 123 409 1117 494">
     <span class='ocr_line' id='line_1_2' title="bbox 123 409 1117 494; baseline 0.004 -22"><span class='ocrx_word' id='word_1_4' title='bbox 123 412 186 472; x_wconf 88' lang='lat' dir='ltr'><strong>Lm.</strong></span> <span class='ocrx_word' id='word_1_5' title='bbox 218 410 333 490; x_wconf 83' lang='lat' dir='ltr'>Edepol</span> <span class='ocrx_word' id='word_1_6' title='bbox 347 411 500 470; x_wconf 92' lang='lat' dir='ltr'><strong>hominem</strong></span> <span class='ocrx_word' id='word_1_7' title='bbox 515 409 674 484; x_wconf 82' lang='lat' dir='ltr'><strong>infelicem,</strong></span> <span class='ocrx_word' id='word_1_8' title='bbox 691 410 742 489; x_wconf 93' lang='lat' dir='ltr'><strong>qui</strong></span> <span class='ocrx_word' id='word_1_9' title='bbox 757 418 914 490; x_wconf 92' lang='lat' dir='ltr'><strong>patronam</strong></span> <span class='ocrx_word' id='word_1_10' title='bbox 931 414 1117 494; x_wconf 91' lang='lat' dir='ltr'><strong>conprimati</strong></span> 
     </span>
    </p>

    <p class='ocr_par' dir='ltr' id='par_1_3' title="bbox 124 494 961 575">
     <span class='ocr_line' id='line_1_3' title="bbox 124 494 961 575; baseline 0.001 -19"><span class='ocrx_word' id='word_1_11' title='bbox 124 514 193 556; x_wconf 90' lang='lat' dir='ltr'><strong>nam</strong></span> <span class='ocrx_word' id='word_1_12' title='bbox 209 497 233 558; x_wconf 96' lang='lat' dir='ltr'><strong>si</strong></span> <span class='ocrx_word' id='word_1_13' title='bbox 249 496 318 575; x_wconf 91' lang='lat' dir='ltr'><strong>quid</strong></span> <span class='ocrx_word' id='word_1_14' title='bbox 335 497 458 557; x_wconf 90' lang='lat' dir='ltr'><strong>sceleste</strong></span> <span class='ocrx_word' id='word_1_15' title='bbox 473 494 551 569; x_wconf 89' lang='lat' dir='ltr'><strong>feeit,</strong></span> <span class='ocrx_word' id='word_1_16' title='bbox 568 495 669 572; x_wconf 90' lang='lat' dir='ltr'><strong>lingua</strong></span> <span class='ocrx_word' id='word_1_17' title='bbox 684 514 740 574; x_wconf 91' lang='lat' dir='ltr'><strong>pro</strong></span> <span class='ocrx_word' id='word_1_18' title='bbox 756 494 806 556; x_wconf 93' lang='lat' dir='ltr'><strong>illo</strong></span> <span class='ocrx_word' id='word_1_19' title='bbox 822 496 961 575; x_wconf 91' lang='lat' dir='ltr'><strong>perierat.</strong></span> 
     </span>
    </p>

    <p class='ocr_par' dir='ltr' id='par_1_4' title="bbox 123 580 1184 665">
     <span class='ocr_line' id='line_1_4' title="bbox 123 580 1184 665; baseline 0.004 -25"><span class='ocrx_word' id='word_1_20' title='bbox 123 581 214 643; x_wconf 79' lang='lat' dir='ltr'><strong>Lucu.</strong></span> <span class='ocrx_word' id='word_1_21' title='bbox 245 581 467 661; x_wconf 81' lang='lat' dir='ltr'><strong>Adproperabo‚</strong></span> <span class='ocrx_word' id='word_1_22' title='bbox 484 599 522 640; x_wconf 89' lang='lat' dir='ltr'><strong>ne</strong></span> <span class='ocrx_word' id='word_1_23' title='bbox 538 589 606 659; x_wconf 95' lang='lat' dir='ltr'><strong>post</strong></span> <span class='ocrx_word' id='word_1_24' title='bbox 620 589 738 660; x_wconf 91' lang='lat' dir='ltr'><strong>tempus</strong></span> <span class='ocrx_word' id='word_1_25' title='bbox 752 580 878 660; x_wconf 81' lang='lat' dir='ltr'>praedae</span> <span class='ocrx_word' id='word_1_26' title='bbox 893 582 1077 661; x_wconf 82' lang='lat' dir='ltr'><strong>praesidium</strong></span> <span class='ocrx_word' id='word_1_27' title='bbox 1091 602 1184 665; x_wconf 87' lang='lat' dir='ltr'><strong>parem.</strong></span> 
     </span>
    </p>

    <p class='ocr_par' dir='ltr' id='par_1_5' title="bbox 122 662 1183 815">
     <span class='ocr_line' id='line_1_5' title="bbox 122 662 1183 748; baseline 0.004 -22"><span class='ocrx_word' id='word_1_28' title='bbox 122 666 186 726; x_wconf 92' lang='lat' dir='ltr'><strong>Lm.</strong></span> <span class='ocrx_word' id='word_1_29' title='bbox 214 667 296 737; x_wconf 85' lang='lat' dir='ltr'><strong>Quae</strong></span> <span class='ocrx_word' id='word_1_30' title='bbox 313 666 397 726; x_wconf 92' lang='lat' dir='ltr'><strong>illaec</strong></span> <span class='ocrx_word' id='word_1_31' title='bbox 408 662 567 745; x_wconf 73' lang='lat' dir='ltr'><strong>praedast?</strong></span> <span class='ocrx_word' id='word_1_32' title='bbox 582 665 631 726; x_wconf 93' lang='lat' dir='ltr'><strong>ibo</strong></span> <span class='ocrx_word' id='word_1_33' title='bbox 644 666 799 728; x_wconf 82' lang='lat' dir='ltr'><strong>advorsum</strong></span> <span class='ocrx_word' id='word_1_34' title='bbox 812 674 899 745; x_wconf 90' lang='lat' dir='ltr'><strong>atque</strong></span> <span class='ocrx_word' id='word_1_35' title='bbox 913 668 1049 729; x_wconf 90' lang='lat' dir='ltr'><strong>electabo</strong></span> <span class='ocrx_word' id='word_1_36' title='bbox 1062 669 1183 748; x_wconf 91' lang='lat' dir='ltr'><strong>quidquid</strong></span> 
     </span>
     <span class='ocr_line' id='line_1_6' title="bbox 480 757 1183 815; baseline 0.007 -5"><span class='ocrx_word' id='word_1_37' title='bbox 480 757 532 811; x_wconf 93' lang='lat' dir='ltr'><strong>est.</strong></span> <span class='ocrx_word' id='word_1_38' title='bbox 548 784 590 794; x_wconf 89' lang='lat'><em>-</em></span> <span class='ocrx_word' id='word_1_39' title='bbox 1151 763 1183 815; x_wconf 83' lang='lat' dir='ltr'><strong>at</strong></span> 
     </span>
    </p>

    <p class='ocr_par' dir='ltr' id='par_1_6' title="bbox 123 834 947 914">
     <span class='ocr_line' id='line_1_7' title="bbox 123 834 947 914; baseline -0.001 -16"><span class='ocrx_word' id='word_1_40' title='bbox 123 837 211 898; x_wconf 92' lang='lat' dir='ltr'><strong>iubeo</strong></span> <span class='ocrx_word' id='word_1_41' title='bbox 226 845 256 898; x_wconf 91' lang='lat' dir='ltr'><strong>te</strong></span> <span class='ocrx_word' id='word_1_42' title='bbox 271 836 382 898; x_wconf 91' lang='lat' dir='ltr'><strong>salvere</strong></span> <span class='ocrx_word' id='word_1_43' title='bbox 396 853 468 895; x_wconf 89' lang='lat' dir='ltr'><strong>voce</strong></span> <span class='ocrx_word' id='word_1_44' title='bbox 483 853 606 908; x_wconf 86' lang='lat' dir='ltr'><strong>summa,</strong></span> <span class='ocrx_word' id='word_1_45' title='bbox 622 853 681 914; x_wconf 90' lang='lat' dir='ltr'><strong>qno</strong></span> <span class='ocrx_word' id='word_1_46' title='bbox 697 835 732 896; x_wconf 94' lang='lat' dir='ltr'><strong>ad</strong></span> <span class='ocrx_word' id='word_1_47' title='bbox 747 834 824 896; x_wconf 91' lang='lat' dir='ltr'><strong>vires</strong></span> <span class='ocrx_word' id='word_1_48' title='bbox 839 835 947 897; x_wconf 85' lang='lat' dir='ltr'><strong>valent.</strong></span> 
     </span>
    </p>

    <p class='ocr_par' dir='ltr' id='par_1_7' title="bbox 123 919 1183 1066">
     <span class='ocr_line' id='line_1_8' title="bbox 123 919 1183 1002; baseline 0.002 -20"><span class='ocrx_word' id='word_1_49' title='bbox 123 922 214 982; x_wconf 80' lang='lat' dir='ltr'><strong>Leon.</strong></span> <span class='ocrx_word' id='word_1_50' title='bbox 246 920 435 1002; x_wconf 81' lang='lat' dir='ltr'><strong>Gymnasium</strong></span> <span class='ocrx_word' id='word_1_51' title='bbox 451 920 548 999; x_wconf 85' lang='lat' dir='ltr'><strong>flagri,</strong></span> <span class='ocrx_word' id='word_1_52' title='bbox 571 920 689 980; x_wconf 88' lang='lat' dir='ltr'><strong>salveto.</strong></span> <span class='ocrx_word' id='word_1_53' title='bbox 734 919 795 979; x_wconf 92' lang='lat' dir='ltr'><strong>Lm.</strong></span> <span class='ocrx_word' id='word_1_54' title='bbox 827 919 905 991; x_wconf 85' lang='lat' dir='ltr'>Quid</span> <span class='ocrx_word' id='word_1_55' title='bbox 920 921 999 1000; x_wconf 88' lang='lat' dir='ltr'><strong>agis,</strong></span> <span class='ocrx_word' id='word_1_56' title='bbox 1020 931 1183 986; x_wconf 89' lang='lat' dir='ltr'><strong>custoscar·</strong></span> 
     </span>
     <span class='ocr_line' id='line_1_9' title="bbox 483 1002 581 1066; baseline -0.01 -1"><span class='ocrx_word' id='word_1_57' title='bbox 483 1002 581 1066; x_wconf 85' lang='lat' dir='ltr'><strong>cerisi</strong></span> 
     </span>
    </p>

    <p class='ocr_par' dir='ltr' id='par_1_8' title="bbox 124 1088 1063 1168">
     <span class='ocr_line' id='line_1_10' title="bbox 124 1088 1063 1168; baseline 0.002 -17"><span class='ocrx_word' id='word_1_58' title='bbox 124 1091 215 1151; x_wconf 81' lang='lat' dir='ltr'><strong>Lacu</strong></span> <span class='ocrx_word' id='word_1_59' title='bbox 246 1089 333 1151; x_wconf 92' lang='lat' dir='ltr'><strong>Ocat</strong></span> <span class='ocrx_word' id='word_1_60' title='bbox 321 1097 458 1150; x_wconf 82' lang='lat' dir='ltr'><strong>tenerum</strong></span> <span class='ocrx_word' id='word_1_61' title='bbox 474 1089 589 1150; x_wconf 92' lang='lat' dir='ltr'><strong>colone.</strong></span> <span class='ocrx_word' id='word_1_62' title='bbox 634 1088 697 1149; x_wconf 94' lang='lat' dir='ltr'><strong>Lm.</strong></span> <span class='ocrx_word' id='word_1_63' title='bbox 729 1089 917 1168; x_wconf 85' lang='lat' dir='ltr'><strong>Ovirgarum</strong></span> <span class='ocrx_word' id='word_1_64' title='bbox 932 1091 1063 1153; x_wconf 92' lang='lat' dir='ltr'><strong>lascivia</strong></span> 
     </span>
    </p>

    <p class='ocr_par' dir='ltr' id='par_1_9' title="bbox 123 1172 1184 1320">
     <span class='ocr_line' id='line_1_11' title="bbox 123 1172 1184 1257; baseline 0.002 -23"><span class='ocrx_word' id='word_1_65' title='bbox 123 1175 214 1235; x_wconf 85' lang='lat' dir='ltr'><strong>Lnou.</strong></span> <span class='ocrx_word' id='word_1_66' title='bbox 245 1163 440 1254; x_wconf 81' lang='lat' dir='ltr'><strong>Quotpondo</strong></span> <span class='ocrx_word' id='word_1_67' title='bbox 461 1174 510 1236; x_wconf 92' lang='lat' dir='ltr'><strong>ted</strong></span> <span class='ocrx_word' id='word_1_68' title='bbox 533 1193 596 1235; x_wconf 90' lang='lat' dir='ltr'><strong>esse</strong></span> <span class='ocrx_word' id='word_1_69' title='bbox 612 1193 716 1236; x_wconf 85' lang='lat' dir='ltr'><strong>censes</strong></span> <span class='ocrx_word' id='word_1_70' title='bbox 737 1172 874 1234; x_wconf 77' lang='lat' dir='ltr'><strong>nudum?</strong></span> <span class='ocrx_word' id='word_1_71' title='bbox 918 1176 981 1236; x_wconf 91' lang='lat' dir='ltr'><strong>Lm.</strong></span> <span class='ocrx_word' id='word_1_72' title='bbox 1013 1177 1080 1238; x_wconf 91' lang='lat' dir='ltr'><strong>Non</strong></span> <span class='ocrx_word' id='word_1_73' title='bbox 1096 1175 1184 1257; x_wconf 86' lang='lat' dir='ltr'><strong>edepol</strong></span> 
     </span>
     <span class='ocr_line' id='line_1_12' title="bbox 480 1260 551 1320; baseline -0.033 0"><span class='ocrx_word' id='word_1_74' title='bbox 480 1260 551 1320; x_wconf 88' lang='lat' dir='ltr'><strong>scic.</strong></span> 
     </span>
    </p>

    <p class='ocr_par' dir='ltr' id='par_1_10' title="bbox 123 1344 1185 1425">
     <span class='ocr_line' id='line_1_13' title="bbox 123 1344 1185 1425; baseline 0.004 -20"><span class='ocrx_word' id='word_1_75' title='bbox 123 1345 214 1405; x_wconf 81' lang='lat' dir='ltr'><strong>Lanu.</strong></span> <span class='ocrx_word' id='word_1_76' title='bbox 238 1344 354 1405; x_wconf 80' lang='lat' dir='ltr'><strong>Scibam</strong></span> <span class='ocrx_word' id='word_1_77' title='bbox 367 1363 422 1424; x_wconf 87' lang='lat' dir='ltr'><strong>ego</strong></span> <span class='ocrx_word' id='word_1_78' title='bbox 434 1353 463 1405; x_wconf 90' lang='lat' dir='ltr'><strong>te</strong></span> <span class='ocrx_word' id='word_1_79' title='bbox 476 1362 602 1418; x_wconf 81' lang='lat' dir='ltr'><strong>nescire,</strong></span> <span class='ocrx_word' id='word_1_80' title='bbox 613 1352 642 1404; x_wconf 92' lang='lat' dir='ltr'><strong>at</strong></span> <span class='ocrx_word' id='word_1_81' title='bbox 654 1344 702 1423; x_wconf 93' lang='lat' dir='ltr'><strong>pol</strong></span> <span class='ocrx_word' id='word_1_82' title='bbox 715 1362 770 1423; x_wconf 89' lang='lat' dir='ltr'><strong>ego</strong></span> <span class='ocrx_word' id='word_1_83' title='bbox 783 1362 834 1422; x_wconf 90' lang='lat' dir='ltr'><strong>qur</strong></span> <span class='ocrx_word' id='word_1_84' title='bbox 827 1344 896 1406; x_wconf 87' lang='lat' dir='ltr'><strong>ted</strong></span> <span class='ocrx_word' id='word_1_85' title='bbox 907 1346 1037 1425; x_wconf 82' lang='lat' dir='ltr'><strong>expendi</strong></span> <span class='ocrx_word' id='word_1_86' title='bbox 1049 1348 1124 1409; x_wconf 89' lang='lat' dir='ltr'><strong>scio.</strong></span> <span class='ocrx_word' id='word_1_87' title='bbox 1151 1356 1185 1408; x_wconf 80' lang='lat' dir='ltr'><strong>itt</strong></span> 
     </span>
    </p>

    <p class='ocr_par' dir='ltr' id='par_1_11' title="bbox 125 1429 1115 1511">
     <span class='ocr_line' id='line_1_14' title="bbox 125 1429 1115 1511; baseline 0.005 -21"><span class='ocrx_word' id='word_1_88' title='bbox 125 1429 224 1492; x_wconf 92' lang='lat' dir='ltr'><strong>nudus</strong></span> <span class='ocrx_word' id='word_1_89' title='bbox 238 1430 355 1490; x_wconf 88' lang='lat' dir='ltr'><strong>vinctus</strong></span> <span class='ocrx_word' id='word_1_90' title='bbox 370 1432 491 1490; x_wconf 87' lang='lat' dir='ltr'><strong>centum</strong></span> <span class='ocrx_word' id='word_1_91' title='bbox 506 1429 607 1508; x_wconf 90' lang='lat' dir='ltr'><strong>pondo</strong></span> <span class='ocrx_word' id='word_1_92' title='bbox 624 1447 664 1500; x_wconf 92' lang='lat' dir='ltr'><strong>es,</strong></span> <span class='ocrx_word' id='word_1_93' title='bbox 681 1429 799 1507; x_wconf 89' lang='lat' dir='ltr'><strong>qnando</strong></span> <span class='ocrx_word' id='word_1_94' title='bbox 815 1430 929 1509; x_wconf 88' lang='lat' dir='ltr'><strong>pendes</strong></span> <span class='ocrx_word' id='word_1_95' title='bbox 944 1448 1000 1510; x_wconf 92' lang='lat' dir='ltr'><strong>per</strong></span> <span class='ocrx_word' id='word_1_96' title='bbox 1014 1434 1115 1511; x_wconf 84' lang='lat' dir='ltr'><strong>pedes.</strong></span> 
     </span>
    </p>

    <p class='ocr_par' dir='ltr' id='par_1_12' title="bbox 123 1511 1185 1678">
     <span class='ocr_line' id='line_1_15' title="bbox 123 1511 1185 1601; baseline 0.002 -27"><span class='ocrx_word' id='word_1_97' title='bbox 123 1514 186 1575; x_wconf 94' lang='lat' dir='ltr'><strong>Lm.</strong></span> <span class='ocrx_word' id='word_1_98' title='bbox 217 1515 283 1585; x_wconf 83' lang='lat' dir='ltr'><strong>Quo</strong></span> <span class='ocrx_word' id='word_1_99' title='bbox 299 1522 473 1594; x_wconf 85' lang='lat' dir='ltr'><strong>argumento</strong></span> <span class='ocrx_word' id='word_1_100' title='bbox 489 1511 588 1575; x_wconf 81' lang='lat' dir='ltr'><strong>istnc?</strong></span> <span class='ocrx_word' id='word_1_101' title='bbox 631 1513 722 1574; x_wconf 83' lang='lat' dir='ltr'><strong>Lnou.</strong></span> <span class='ocrx_word' id='word_1_102' title='bbox 752 1513 933 1601; x_wconf 85' lang='lat' dir='ltr'><strong>Egodicam‚</strong></span> <span class='ocrx_word' id='word_1_103' title='bbox 950 1524 1185 1598; x_wconf 89' lang='lat' dir='ltr'><strong>quoargumento</strong></span> 
     </span>
     <span class='ocr_line' id='line_1_16' title="bbox 477 1599 694 1678; baseline 0 -20"><span class='ocrx_word' id='word_1_104' title='bbox 477 1607 506 1660; x_wconf 93' lang='lat' dir='ltr'><strong>et</strong></span> <span class='ocrx_word' id='word_1_105' title='bbox 522 1618 581 1678; x_wconf 92' lang='lat' dir='ltr'><strong>quo</strong></span> <span class='ocrx_word' id='word_1_106' title='bbox 598 1599 694 1659; x_wconf 91' lang='lat' dir='ltr'><strong>modo.</strong></span> 
     </span>
    </p>

    <p class='ocr_par' dir='ltr' id='par_1_13' title="bbox 123 1683 1037 1781">
     <span class='ocr_line' id='line_1_17' title="bbox 123 1683 1037 1781; baseline 0.003 -38"><span class='ocrx_word' id='word_1_107' title='bbox 123 1683 158 1744; x_wconf 91' lang='lat' dir='ltr'><strong>ad</strong></span> <span class='ocrx_word' id='word_1_108' title='bbox 175 1683 266 1763; x_wconf 88' lang='lat' dir='ltr'><strong>pedes</strong></span> <span class='ocrx_word' id='word_1_109' title='bbox 282 1683 401 1781; x_wconf 85' lang='lat' dir='ltr'><strong>quando</strong></span> <span class='ocrx_word' id='word_1_110' title='bbox 418 1684 603 1762; x_wconf 85' lang='lat' dir='ltr'><strong>adligatumst</strong></span> <span class='ocrx_word' id='word_1_111' title='bbox 617 1702 743 1763; x_wconf 91' lang='lat' dir='ltr'><strong>aequom</strong></span> <span class='ocrx_word' id='word_1_112' title='bbox 759 1684 1037 1764; x_wconf 91' lang='lat' dir='ltr'><strong>centumpondium‚</strong></span> 
     </span>
    </p>

    <p class='ocr_par' dir='ltr' id='par_1_14' title="bbox 123 1768 1162 1869">
     <span class='ocr_line' id='line_1_18' title="bbox 123 1768 1162 1869; baseline 0.005 -41"><span class='ocrx_word' id='word_1_113' title='bbox 123 1768 174 1828; x_wconf 92' lang='lat' dir='ltr'><strong>ubi</strong></span> <span class='ocrx_word' id='word_1_114' title='bbox 189 1787 294 1830; x_wconf 91' lang='lat' dir='ltr'><strong>manns</strong></span> <span class='ocrx_word' id='word_1_115' title='bbox 309 1770 441 1830; x_wconf 92' lang='lat' dir='ltr'><strong>manicae</strong></span> <span class='ocrx_word' id='word_1_116' title='bbox 458 1770 628 1848; x_wconf 82' lang='lat' dir='ltr'><strong>complexae</strong></span> <span class='ocrx_word' id='word_1_117' title='bbox 644 1776 714 1829; x_wconf 92' lang='lat' dir='ltr'><strong>sunt</strong></span> <span class='ocrx_word' id='word_1_118' title='bbox 728 1776 816 1846; x_wconf 90' lang='lat' dir='ltr'><strong>atque</strong></span> <span class='ocrx_word' id='word_1_119' title='bbox 832 1768 973 1831; x_wconf 85' lang='lat' dir='ltr'><strong>adductae</strong></span> <span class='ocrx_word' id='word_1_120' title='bbox 990 1771 1027 1832; x_wconf 91' lang='lat' dir='ltr'><strong>ad</strong></span> <span class='ocrx_word' id='word_1_121' title='bbox 1042 1771 1162 1869; x_wconf 78' lang='lat' dir='ltr'><strong>trabem,</strong></span> 
     </span>
    </p>

    <p class='ocr_par' dir='ltr' id='par_1_15' title="bbox 123 1852 1189 1934">
     <span class='ocr_line' id='line_1_19' title="bbox 123 1852 1189 1934; baseline 0.002 -20"><span class='ocrx_word' id='word_1_122' title='bbox 123 1871 179 1914; x_wconf 94' lang='lat' dir='ltr'><strong>nec</strong></span> <span class='ocrx_word' id='word_1_123' title='bbox 195 1853 345 1932; x_wconf 91' lang='lat' dir='ltr'><strong>dependes</strong></span> <span class='ocrx_word' id='word_1_124' title='bbox 361 1872 417 1915; x_wconf 89' lang='lat' dir='ltr'><strong>nec</strong></span> <span class='ocrx_word' id='word_1_125' title='bbox 431 1852 658 1933; x_wconf 82' lang='lat' dir='ltr'><strong>propendes-</strong></span> <span class='ocrx_word' id='word_1_126' title='bbox 616 1853 744 1932; x_wconf 92' lang='lat' dir='ltr'><strong>-quin</strong></span> <span class='ocrx_word' id='word_1_127' title='bbox 760 1854 854 1916; x_wconf 89' lang='lat' dir='ltr'><strong>malus</strong></span> <span class='ocrx_word' id='word_1_128' title='bbox 870 1873 1062 1934; x_wconf 89' lang='lat' dir='ltr'><strong>nequamque</strong></span> <span class='ocrx_word' id='word_1_129' title='bbox 1078 1857 1126 1919; x_wconf 86' lang='lat' dir='ltr'><strong>sis</strong></span> <span class='ocrx_word' id='word_1_130' title='bbox 1155 1865 1189 1916; x_wconf 80' lang='lat' dir='ltr'><strong>ati</strong></span> 
     </span>
    </p>

    <p class='ocr_par' dir='ltr' id='par_1_16' title="bbox 122 1937 1095 2019">
     <span class='ocr_line' id='line_1_20' title="bbox 122 1937 1095 2019; baseline 0.006 -23"><span class='ocrx_word' id='word_1_131' title='bbox 122 1937 184 1997; x_wconf 94' lang='lat' dir='ltr'><strong>Lm.</strong></span> <span class='ocrx_word' id='word_1_132' title='bbox 215 1937 274 1998; x_wconf 91' lang='lat' dir='ltr'><strong>Vae</strong></span> <span class='ocrx_word' id='word_1_133' title='bbox 289 1938 355 1999; x_wconf 89' lang='lat' dir='ltr'><strong>tibil</strong></span> <span class='ocrx_word' id='word_1_134' title='bbox 400 1939 490 1999; x_wconf 82' lang='lat' dir='ltr'><strong>Leon.</strong></span> <span class='ocrx_word' id='word_1_135' title='bbox 521 1939 584 1998; x_wconf 80' lang='lat' dir='ltr'><strong>Ho&#39;e</strong></span> <span class='ocrx_word' id='word_1_136' title='bbox 599 1947 775 1999; x_wconf 87' lang='lat' dir='ltr'><strong>testamento</strong></span> <span class='ocrx_word' id='word_1_137' title='bbox 791 1939 923 2001; x_wconf 84' lang='lat' dir='ltr'><strong>Servitus</strong></span> <span class='ocrx_word' id='word_1_138' title='bbox 937 1940 1017 2019; x_wconf 90' lang='lat' dir='ltr'><strong>legat</strong></span> <span class='ocrx_word' id='word_1_139' title='bbox 1029 1941 1095 2003; x_wconf 76' lang='lat' dir='ltr'><strong>trba.</strong></span> 
     </span>
    </p>

    <p class='ocr_par' dir='ltr' id='par_1_17' title="bbox 122 2021 1231 2107">
     <span class='ocr_line' id='line_1_21' title="bbox 122 2021 1231 2107; baseline 0.003 -25"><span class='ocrx_word' id='word_1_140' title='bbox 122 2021 185 2083; x_wconf 92' lang='lat' dir='ltr'><strong>Lm.</strong></span> <span class='ocrx_word' id='word_1_141' title='bbox 216 2022 502 2083; x_wconf 85' lang='lat' dir='ltr'><strong>Verbivelitationem</strong></span> <span class='ocrx_word' id='word_1_142' title='bbox 520 2023 583 2083; x_wconf 87' lang='lat' dir='ltr'><strong>fieri</strong></span> <span class='ocrx_word' id='word_1_143' title='bbox 599 2023 757 2103; x_wconf 87' lang='lat' dir='ltr'><strong>compendi</strong></span> <span class='ocrx_word' id='word_1_144' title='bbox 770 2022 847 2084; x_wconf 90' lang='lat' dir='ltr'><strong>volo.</strong></span> <span class='ocrx_word' id='word_1_145' title='bbox 1228 2090 1231 2107; x_wconf 83' lang='lat'><strong>.</strong></span> 
     </span>
    </p>

    <p class='ocr_par' dir='ltr' id='par_1_18' title="bbox 82 2105 1190 2254">
     <span class='ocr_line' id='line_1_22' title="bbox 82 2105 1190 2186; baseline 0.004 -19"><span class='ocrx_word' id='word_1_146' title='bbox 82 2122 86 2129; x_wconf 90' lang='grc'><strong>’</strong></span> <span class='ocrx_word' id='word_1_147' title='bbox 123 2105 237 2184; x_wconf 86' lang='lat' dir='ltr'><strong>†Qnid</strong></span> <span class='ocrx_word' id='word_1_148' title='bbox 252 2107 328 2169; x_wconf 93' lang='lat' dir='ltr'><strong>istuc</strong></span> <span class='ocrx_word' id='word_1_149' title='bbox 343 2106 495 2186; x_wconf 77' lang='lat' dir='ltr'><strong>negotist?</strong></span> <span class='ocrx_word' id='word_1_150' title='bbox 528 2108 618 2169; x_wconf 83' lang='lat' dir='ltr'><strong>Leon.</strong></span> <span class='ocrx_word' id='word_1_151' title='bbox 643 2108 790 2170; x_wconf 84' lang='lat' dir='ltr'><strong>Certumst</strong></span> <span class='ocrx_word' id='word_1_152' title='bbox 804 2109 933 2170; x_wconf 88' lang='lat' dir='ltr'><strong>credere.</strong></span> <span class='ocrx_word' id='word_1_153' title='bbox 964 2110 1028 2170; x_wconf 93' lang='lat' dir='ltr'><strong>Lm.</strong></span> <span class='ocrx_word' id='word_1_154' title='bbox 1052 2113 1190 2174; x_wconf 85' lang='lat' dir='ltr'><strong>Audacter</strong></span> 
     </span>
     <span class='ocr_line' id='line_1_23' title="bbox 479 2192 556 2254; baseline 0.013 -2"><span class='ocrx_word' id='word_1_155' title='bbox 479 2192 556 2254; x_wconf 91' lang='lat' dir='ltr'><strong>licet.</strong></span> 
     </span>
    </p>

    <p class='ocr_par' dir='ltr' id='par_1_19' title="bbox 124 2277 824 2352">
     <span class='ocr_line' id='line_1_24' title="bbox 124 2277 824 2352; baseline 0 -15"><span class='ocrx_word' id='word_1_156' title='bbox 124 2277 215 2337; x_wconf 81' lang='lat' dir='ltr'><strong>Lanu.</strong></span> <span class='ocrx_word' id='word_1_157' title='bbox 247 2277 293 2338; x_wconf 92' lang='lat' dir='ltr'><strong>Sis</strong></span> <span class='ocrx_word' id='word_1_158' title='bbox 308 2277 416 2338; x_wconf 89' lang='lat' dir='ltr'><strong>amanti</strong></span> <span class='ocrx_word' id='word_1_159' title='bbox 431 2277 589 2339; x_wconf 85' lang='lat' dir='ltr'><strong>subvenire</strong></span> <span class='ocrx_word' id='word_1_160' title='bbox 606 2277 739 2338; x_wconf 82' lang='lat' dir='ltr'><strong>familiari</strong></span> <span class='ocrx_word' id='word_1_161' title='bbox 755 2277 824 2352; x_wconf 84' lang='lat' dir='ltr'><strong>tilio,</strong></span> 
     </span>
    </p>

    <p class='ocr_par' dir='ltr' id='par_1_20' title="bbox 120 2361 1191 2441">
     <span class='ocr_line' id='line_1_25' title="bbox 120 2361 1191 2441; baseline 0.002 -19"><span class='ocrx_word' id='word_1_162' title='bbox 120 2370 236 2424; x_wconf 90' lang='lat' dir='ltr'><strong>tantum</strong></span> <span class='ocrx_word' id='word_1_163' title='bbox 252 2362 334 2423; x_wconf 89' lang='lat' dir='ltr'><strong>adest</strong></span> <span class='ocrx_word' id='word_1_164' title='bbox 348 2361 422 2423; x_wconf 93' lang='lat' dir='ltr'><strong>boni</strong></span> <span class='ocrx_word' id='word_1_165' title='bbox 437 2362 597 2441; x_wconf 85' lang='lat' dir='ltr'><strong>inproviso,</strong></span> <span class='ocrx_word' id='word_1_166' title='bbox 612 2381 713 2423; x_wconf 90' lang='lat' dir='ltr'><strong>verum</strong></span> <span class='ocrx_word' id='word_1_167' title='bbox 731 2362 921 2422; x_wconf 84' lang='lat' dir='ltr'><strong>commixtum</strong></span> <span class='ocrx_word' id='word_1_168' title='bbox 936 2361 1028 2440; x_wconf 90' lang='lat' dir='ltr'><strong>malo;</strong></span> <span class='ocrx_word' id='word_1_169' title='bbox 1156 2373 1191 2425; x_wconf 81' lang='lat' dir='ltr'><strong>att</strong></span> 
     </span>
    </p>

    <p class='ocr_par' dir='ltr' id='par_1_21' title="bbox 123 2445 970 2508">
     <span class='ocr_line' id='line_1_26' title="bbox 123 2445 970 2508; baseline 0.001 -1"><span class='ocrx_word' id='word_1_170' title='bbox 123 2465 227 2507; x_wconf 91' lang='lat' dir='ltr'><strong>omnes</strong></span> <span class='ocrx_word' id='word_1_171' title='bbox 242 2447 278 2506; x_wconf 89' lang='lat' dir='ltr'><strong>de</strong></span> <span class='ocrx_word' id='word_1_172' title='bbox 293 2446 380 2506; x_wconf 92' lang='lat' dir='ltr'><strong>nobis</strong></span> <span class='ocrx_word' id='word_1_173' title='bbox 396 2448 577 2507; x_wconf 87' lang='lat' dir='ltr'><strong>carnuficum</strong></span> <span class='ocrx_word' id='word_1_174' title='bbox 594 2447 885 2508; x_wconf 89' lang='lat' dir='ltr'><strong>concelebrabuntur</strong></span> <span class='ocrx_word' id='word_1_175' title='bbox 899 2445 970 2508; x_wconf 88' lang='lat' dir='ltr'><strong>dies.</strong></span> 
     </span>
    </p>

    <p class='ocr_par' dir='ltr' id='par_1_22' title="bbox 121 2530 956 2605">
     <span class='ocr_line' id='line_1_27' title="bbox 121 2530 956 2605; baseline 0.002 -15"><span class='ocrx_word' id='word_1_176' title='bbox 121 2530 245 2605; x_wconf 79' lang='lat' dir='ltr'><strong>Libane,</strong></span> <span class='ocrx_word' id='word_1_177' title='bbox 262 2549 343 2592; x_wconf 94' lang='lat' dir='ltr'><strong>nunc</strong></span> <span class='ocrx_word' id='word_1_178' title='bbox 359 2531 478 2591; x_wconf 89' lang='lat' dir='ltr'><strong>audacia</strong></span> <span class='ocrx_word' id='word_1_179' title='bbox 494 2539 579 2592; x_wconf 91' lang='lat' dir='ltr'><strong>usust</strong></span> <span class='ocrx_word' id='word_1_180' title='bbox 594 2531 681 2593; x_wconf 92' lang='lat' dir='ltr'><strong>nobis</strong></span> <span class='ocrx_word' id='word_1_181' title='bbox 696 2532 815 2593; x_wconf 86' lang='lat' dir='ltr'><strong>inventa</strong></span> <span class='ocrx_word' id='word_1_182' title='bbox 830 2541 860 2592; x_wconf 93' lang='lat' dir='ltr'><strong>et</strong></span> <span class='ocrx_word' id='word_1_183' title='bbox 874 2531 956 2592; x_wconf 93' lang='lat' dir='ltr'><strong>dolis.</strong></span> 
     </span>
    </p>

    <p class='ocr_par' dir='ltr' id='par_1_23' title="bbox 121 2615 1010 2696">
     <span class='ocr_line' id='line_1_28' title="bbox 121 2615 1010 2696; baseline 0.003 -21"><span class='ocrx_word' id='word_1_184' title='bbox 121 2625 236 2696; x_wconf 89' lang='lat' dir='ltr'><strong>tantum</strong></span> <span class='ocrx_word' id='word_1_185' title='bbox 253 2615 369 2676; x_wconf 93' lang='lat' dir='ltr'><strong>facinus</strong></span> <span class='ocrx_word' id='word_1_186' title='bbox 383 2615 472 2676; x_wconf 89' lang='lat' dir='ltr'><strong>modo</strong></span> <span class='ocrx_word' id='word_1_187' title='bbox 488 2616 588 2677; x_wconf 86' lang='lat' dir='ltr'><strong>inveni</strong></span> <span class='ocrx_word' id='word_1_188' title='bbox 604 2635 668 2695; x_wconf 87' lang='lat' dir='ltr'><strong>ego,</strong></span> <span class='ocrx_word' id='word_1_189' title='bbox 685 2625 718 2676; x_wconf 92' lang='lat' dir='ltr'><strong>ut</strong></span> <span class='ocrx_word' id='word_1_190' title='bbox 733 2636 788 2677; x_wconf 92' lang='lat' dir='ltr'><strong>nos</strong></span> <span class='ocrx_word' id='word_1_191' title='bbox 804 2616 936 2677; x_wconf 92' lang='lat' dir='ltr'><strong>dicamur</strong></span> <span class='ocrx_word' id='word_1_192' title='bbox 950 2616 1010 2678; x_wconf 93' lang='lat' dir='ltr'><strong>duo</strong></span> 
     </span>
    </p>

    <p class='ocr_par' dir='ltr' id='par_1_24' title="bbox 124 2699 950 2779">
     <span class='ocr_line' id='line_1_29' title="bbox 124 2699 950 2779; baseline 0.001 -20"><span class='ocrx_word' id='word_1_193' title='bbox 124 2700 256 2760; x_wconf 93' lang='lat' dir='ltr'><strong>omnium</strong></span> <span class='ocrx_word' id='word_1_194' title='bbox 272 2699 447 2779; x_wconf 83' lang='lat' dir='ltr'><strong>dignissumi</strong></span> <span class='ocrx_word' id='word_1_195' title='bbox 462 2720 534 2774; x_wconf 86' lang='lat' dir='ltr'><strong>esse,</strong></span> <span class='ocrx_word' id='word_1_196' title='bbox 551 2719 609 2779; x_wconf 92' lang='lat' dir='ltr'><strong>qno</strong></span> <span class='ocrx_word' id='word_1_197' title='bbox 625 2701 773 2762; x_wconf 90' lang='lat' dir='ltr'><strong>cruciatus</strong></span> <span class='ocrx_word' id='word_1_198' title='bbox 789 2702 950 2762; x_wconf 88' lang='lat' dir='ltr'><strong>confluant</strong></span> 
     </span>
    </p>

    <p class='ocr_par' dir='ltr' id='par_1_25' title="bbox 123 2784 1191 2865">
     <span class='ocr_line' id='line_1_30' title="bbox 123 2784 1191 2865; baseline 0.003 -21"><span class='ocrx_word' id='word_1_199' title='bbox 123 2785 186 2846; x_wconf 93' lang='lat' dir='ltr'><strong>Lm.</strong></span> <span class='ocrx_word' id='word_1_200' title='bbox 216 2784 295 2863; x_wconf 85' lang='lat' dir='ltr'><strong>Ergo</strong></span> <span class='ocrx_word' id='word_1_201' title='bbox 312 2784 440 2846; x_wconf 89' lang='lat' dir='ltr'><strong>mirabar</strong></span> <span class='ocrx_word' id='word_1_202' title='bbox 455 2787 533 2864; x_wconf 93' lang='lat' dir='ltr'><strong>quod</strong></span> <span class='ocrx_word' id='word_1_203' title='bbox 550 2785 660 2846; x_wconf 90' lang='lat' dir='ltr'><strong>dudum</strong></span> <span class='ocrx_word' id='word_1_204' title='bbox 676 2786 813 2865; x_wconf 89' lang='lat' dir='ltr'><strong>scapulae</strong></span> <span class='ocrx_word' id='word_1_205' title='bbox 828 2785 977 2863; x_wconf 89' lang='lat' dir='ltr'><strong>gestibant</strong></span> <span class='ocrx_word' id='word_1_206' title='bbox 990 2787 1074 2862; x_wconf 90' lang='lat' dir='ltr'><strong>mihi,</strong></span> <span class='ocrx_word' id='word_1_207' title='bbox 1156 2795 1191 2848; x_wconf 80' lang='lat' dir='ltr'><strong>atr</strong></span> 
     </span>
    </p>

    <p class='ocr_par' dir='ltr' id='par_1_26' title="bbox 122 2869 1012 2950">
     <span class='ocr_line' id='line_1_31' title="bbox 122 2869 1012 2950; baseline 0 -20"><span class='ocrx_word' id='word_1_208' title='bbox 122 2869 261 2930; x_wconf 92' lang='lat' dir='ltr'><strong>hariolari</strong></span> <span class='ocrx_word' id='word_1_209' title='bbox 277 2889 352 2949; x_wconf 91' lang='lat' dir='ltr'><strong>quae</strong></span> <span class='ocrx_word' id='word_1_210' title='bbox 369 2879 550 2950; x_wconf 88' lang='lat' dir='ltr'><strong>occeperunt</strong></span> <span class='ocrx_word' id='word_1_211' title='bbox 565 2870 620 2931; x_wconf 94' lang='lat' dir='ltr'><strong>sibi</strong></span> <span class='ocrx_word' id='word_1_212' title='bbox 636 2889 700 2931; x_wconf 93' lang='lat' dir='ltr'><strong>esse</strong></span> <span class='ocrx_word' id='word_1_213' title='bbox 716 2871 745 2931; x_wconf 92' lang='lat' dir='ltr'><strong>in</strong></span> <span class='ocrx_word' id='word_1_214' title='bbox 762 2871 876 2931; x_wconf 89' lang='lat' dir='ltr'><strong>mundo</strong></span> <span class='ocrx_word' id='word_1_215' title='bbox 891 2871 1012 2932; x_wconf 91' lang='lat' dir='ltr'><strong>malum</strong></span> 
     </span>
    </p>

    <p class='ocr_par' dir='ltr' id='par_1_27' title="bbox 124 2954 1191 3036">
     <span class='ocr_line' id='line_1_32' title="bbox 124 2954 1191 3036; baseline 0.004 -22"><span class='ocrx_word' id='word_1_216' title='bbox 124 2954 330 3033; x_wconf 90' lang='lat' dir='ltr'><strong>quidquidest</strong></span> <span class='ocrx_word' id='word_1_217' title='bbox 343 2955 492 3034; x_wconf 83' lang='lat' dir='ltr'><strong>eloquere.</strong></span> <span class='ocrx_word' id='word_1_218' title='bbox 529 2955 620 3016; x_wconf 79' lang='lat' dir='ltr'><strong>Leon.</strong></span> <span class='ocrx_word' id='word_1_219' title='bbox 644 2946 975 3035; x_wconf 87' lang='lat' dir='ltr'><strong>Magnastpraedacum</strong></span> <span class='ocrx_word' id='word_1_220' title='bbox 987 2958 1191 3036; x_wconf 90' lang='lat' dir='ltr'><strong>magnomalo.</strong></span> 
     </span>
    </p>

    <p class='ocr_par' dir='ltr' id='par_1_28' title="bbox 123 3039 1060 3136">
     <span class='ocr_line' id='line_1_33' title="bbox 123 3039 1060 3136; baseline 0.004 -38"><span class='ocrx_word' id='word_1_221' title='bbox 123 3039 185 3099; x_wconf 94' lang='lat' dir='ltr'><strong>Lm</strong></span> <span class='ocrx_word' id='word_1_222' title='bbox 217 3039 247 3099; x_wconf 90' lang='lat' dir='ltr'><strong>Si</strong></span> <span class='ocrx_word' id='word_1_223' title='bbox 263 3039 381 3136; x_wconf 91' lang='lat' dir='ltr'><strong>quidem</strong></span> <span class='ocrx_word' id='word_1_224' title='bbox 398 3059 501 3101; x_wconf 92' lang='lat' dir='ltr'><strong>omnes</strong></span> <span class='ocrx_word' id='word_1_225' title='bbox 517 3040 662 3101; x_wconf 91' lang='lat' dir='ltr'><strong>coniurati</strong></span> <span class='ocrx_word' id='word_1_226' title='bbox 679 3041 879 3102; x_wconf 90' lang='lat' dir='ltr'><strong>cruciamenta</strong></span> <span class='ocrx_word' id='word_1_227' title='bbox 895 3041 1060 3118; x_wconf 86' lang='lat' dir='ltr'><strong>conferant,</strong></span> 
     </span>
    </p>

    <p class='ocr_par' dir='ltr' id='par_1_29' title="bbox 122 3123 976 3205">
     <span class='ocr_line' id='line_1_34' title="bbox 122 3123 976 3205; baseline 0.002 -22"><span class='ocrx_word' id='word_1_228' title='bbox 122 3123 217 3184; x_wconf 93' lang='lat' dir='ltr'><strong>habeo</strong></span> <span class='ocrx_word' id='word_1_229' title='bbox 234 3124 342 3204; x_wconf 92' lang='lat' dir='ltr'><strong>opinor</strong></span> <span class='ocrx_word' id='word_1_230' title='bbox 357 3125 527 3186; x_wconf 82' lang='lat' dir='ltr'><strong>familiarem</strong></span> <span class='ocrx_word' id='word_1_231' title='bbox 543 3134 669 3205; x_wconf 83' lang='lat' dir='ltr'><strong>tergum,</strong></span> <span class='ocrx_word' id='word_1_232' title='bbox 685 3145 724 3186; x_wconf 92' lang='lat' dir='ltr'><strong>ne</strong></span> <span class='ocrx_word' id='word_1_233' title='bbox 740 3144 878 3204; x_wconf 93' lang='lat' dir='ltr'><strong>quaeram</strong></span> <span class='ocrx_word' id='word_1_234' title='bbox 895 3125 976 3187; x_wconf 92' lang='lat' dir='ltr'><strong>foris.</strong></span> 
     </span>
    </p>
   </div>
   <div class='ocr_carea' id='block_1_3' title="bbox 121 3307 1199 4052">
    <p class='ocr_par' dir='ltr' id='par_1_30' title="bbox 121 3307 1199 4052">
     <span class='ocr_line' id='line_1_35' title="bbox 209 3307 1135 3375; baseline 0.003 -16"><span class='ocrx_word' id='word_1_235' title='bbox 209 3311 258 3362; x_wconf 89' lang='grc'><strong>292</strong></span> <span class='ocrx_word' id='word_1_236' title='bbox 277 3308 346 3371; x_wconf 87' lang='lat' dir='ltr'><strong>[beu]</strong></span> <span class='ocrx_word' id='word_1_237' title='bbox 366 3307 457 3375; x_wconf 88' lang='lat' dir='ltr'><strong>edepol</strong></span> <span class='ocrx_word' id='word_1_238' title='bbox 476 3309 647 3361; x_wconf 76' lang='lat' dir='ltr'><strong>Camerarius</strong></span> <span class='ocrx_word' id='word_1_239' title='bbox 717 3310 766 3362; x_wconf 82' lang='lat'><strong>295</strong></span> <span class='ocrx_word' id='word_1_240' title='bbox 784 3308 828 3361; x_wconf 85' lang='lat' dir='ltr'><strong>illa</strong></span> <span class='ocrx_word' id='word_1_241' title='bbox 847 3308 959 3373; x_wconf 79' lang='lat' dir='ltr'><strong>Nouius,</strong></span> <span class='ocrx_word' id='word_1_242' title='bbox 979 3307 1022 3359; x_wconf 92' lang='lat' dir='ltr'><strong>illa</strong></span> <span class='ocrx_word' id='word_1_243' title='bbox 1043 3323 1090 3361; x_wconf 87' lang='lat' dir='ltr'><strong>aec</strong></span> <span class='ocrx_word' id='word_1_244' title='bbox 1108 3310 1135 3362; x_wconf 80' lang='grc' dir='ltr'><em>Ε</em></span> 
     </span>
     <span class='ocr_line' id='line_1_36' title="bbox 123 3377 1194 3445; baseline 0.001 -16"><span class='ocrx_word' id='word_1_245' title='bbox 123 3378 173 3429; x_wconf 86' lang='grc'><strong>298</strong></span> <span class='ocrx_word' id='word_1_246' title='bbox 191 3377 388 3428; x_wconf 82' lang='lat' dir='ltr'><strong>cotenarumli</strong></span> <span class='ocrx_word' id='word_1_247' title='bbox 441 3377 618 3429; x_wconf 62' lang='grc'><strong>29933131132</strong></span> <span class='ocrx_word' id='word_1_248' title='bbox 669 3379 719 3429; x_wconf 87' lang='lat'><strong>300</strong></span> <span class='ocrx_word' id='word_1_249' title='bbox 738 3377 886 3430; x_wconf 88' lang='lat' dir='ltr'><strong>nesciroB</strong></span> <span class='ocrx_word' id='word_1_250' title='bbox 938 3382 964 3429; x_wconf 88' lang='lat' dir='ltr'><strong>te</strong></span> <span class='ocrx_word' id='word_1_251' title='bbox 1017 3377 1194 3445; x_wconf 73' lang='lat' dir='ltr'><strong>301pod01t⁶</strong></span> 
     </span>
     <span class='ocr_line' id='line_1_37' title="bbox 124 3443 1195 3514; baseline 0.003 -18"><span class='ocrx_word' id='word_1_252' title='bbox 124 3447 173 3496; x_wconf 88' lang='grc'><strong>393</strong></span> <span class='ocrx_word' id='word_1_253' title='bbox 192 3443 319 3510; x_wconf 86' lang='lat' dir='ltr'><strong>adligatus</strong></span> <span class='ocrx_word' id='word_1_254' title='bbox 337 3448 378 3496; x_wconf 89' lang='lat' dir='ltr'><strong>est</strong></span> <span class='ocrx_word' id='word_1_255' title='bbox 395 3444 478 3508; x_wconf 72' lang='lat' dir='ltr'><strong>codd„</strong></span> <span class='ocrx_word' id='word_1_256' title='bbox 496 3460 566 3495; x_wconf 82' lang='lat' dir='ltr'><strong>corr.</strong></span> <span class='ocrx_word' id='word_1_257' title='bbox 580 3445 749 3496; x_wconf 76' lang='lat' dir='ltr'><strong>Camerarius</strong></span> <span class='ocrx_word' id='word_1_258' title='bbox 818 3447 868 3498; x_wconf 82' lang='grc'><strong>305</strong></span> <span class='ocrx_word' id='word_1_259' title='bbox 888 3443 1011 3511; x_wconf 88' lang='lat' dir='ltr'><strong>dependis</strong></span> <span class='ocrx_word' id='word_1_260' title='bbox 1023 3459 1072 3497; x_wconf 91' lang='lat' dir='ltr'><strong>nec</strong></span> <span class='ocrx_word' id='word_1_261' title='bbox 1090 3460 1195 3514; x_wconf 86' lang='lat' dir='ltr'><strong>propen-</strong></span> 
     </span>
     <span class='ocr_line' id='line_1_38' title="bbox 124 3512 1195 3577; baseline 0.004 -14"><span class='ocrx_word' id='word_1_262' title='bbox 124 3512 163 3563; x_wconf 87' lang='lat' dir='ltr'><strong>dis</strong></span> <span class='ocrx_word' id='word_1_263' title='bbox 181 3513 266 3577; x_wconf 69' lang='lat' dir='ltr'><strong>enai„</strong></span> <span class='ocrx_word' id='word_1_264' title='bbox 285 3528 354 3563; x_wconf 86' lang='lat' dir='ltr'><strong>corr.</strong></span> <span class='ocrx_word' id='word_1_265' title='bbox 367 3512 498 3577; x_wconf 78' lang='lat' dir='ltr'><strong>Angelius</strong></span> <span class='ocrx_word' id='word_1_266' title='bbox 568 3515 617 3565; x_wconf 87' lang='grc'><strong>306</strong></span> <span class='ocrx_word' id='word_1_267' title='bbox 630 3513 696 3565; x_wconf 91' lang='lat' dir='ltr'><strong>istoc</strong></span> <span class='ocrx_word' id='word_1_268' title='bbox 712 3512 826 3564; x_wconf 79' lang='lat' dir='ltr'><strong>Weisiue</strong></span> <span class='ocrx_word' id='word_1_269' title='bbox 895 3515 944 3564; x_wconf 80' lang='lat'><strong>307</strong></span> <span class='ocrx_word' id='word_1_270' title='bbox 963 3512 1051 3564; x_wconf 87' lang='lat' dir='ltr'><strong>verbis</strong></span> <span class='ocrx_word' id='word_1_271' title='bbox 1068 3513 1195 3567; x_wconf 78' lang='lat' dir='ltr'><strong>volitatio</strong></span> 
     </span>
     <span class='ocr_line' id='line_1_39' title="bbox 123 3579 1197 3648; baseline 0.003 -17"><span class='ocrx_word' id='word_1_272' title='bbox 123 3595 180 3632; x_wconf 92' lang='lat' dir='ltr'><strong>nem</strong></span> <span class='ocrx_word' id='word_1_273' title='bbox 193 3581 277 3644; x_wconf 67' lang='lat' dir='ltr'><strong>codd„</strong></span> <span class='ocrx_word' id='word_1_274' title='bbox 296 3579 534 3643; x_wconf 76' lang='lat' dir='ltr'><strong>tentaturNouiua,</strong></span> <span class='ocrx_word' id='word_1_275' title='bbox 552 3595 623 3630; x_wconf 86' lang='lat' dir='ltr'><strong>corr.</strong></span> <span class='ocrx_word' id='word_1_276' title='bbox 637 3581 770 3631; x_wconf 81' lang='lat' dir='ltr'><strong>Meureiue</strong></span> <span class='ocrx_word' id='word_1_277' title='bbox 838 3580 991 3647; x_wconf 89' lang='lat' dir='ltr'><strong>compendio</strong></span> <span class='ocrx_word' id='word_1_278' title='bbox 1006 3579 1051 3632; x_wconf 91' lang='lat' dir='ltr'><strong>ulo</strong></span> <span class='ocrx_word' id='word_1_279' title='bbox 1064 3581 1114 3648; x_wconf 81' lang='grc' dir='ltr'><strong>Ε·,</strong></span> <span class='ocrx_word' id='word_1_280' title='bbox 1133 3596 1197 3636; x_wconf 83' lang='lat' dir='ltr'><strong>com·</strong></span> 
     </span>
     <span class='ocr_line' id='line_1_40' title="bbox 121 3646 1151 3715; baseline 0.003 -16"><span class='ocrx_word' id='word_1_281' title='bbox 121 3648 216 3714; x_wconf 87' lang='lat' dir='ltr'><strong>pendio</strong></span> <span class='ocrx_word' id='word_1_282' title='bbox 234 3647 295 3699; x_wconf 91' lang='lat' dir='ltr'><strong>nolo</strong></span> <span class='ocrx_word' id='word_1_283' title='bbox 313 3646 350 3699; x_wconf 72' lang='lat' dir='ltr'><strong>iii</strong></span> <span class='ocrx_word' id='word_1_284' title='bbox 419 3650 469 3701; x_wconf 86' lang='lat'><strong>308</strong></span> <span class='ocrx_word' id='word_1_285' title='bbox 487 3664 511 3714; x_wconf 92' lang='lat' dir='ltr'><strong>q</strong></span> <span class='ocrx_word' id='word_1_286' title='bbox 521 3648 538 3699; x_wconf 92' lang='lat' dir='ltr'><strong>i.</strong></span> <span class='ocrx_word' id='word_1_287' title='bbox 558 3652 598 3699; x_wconf 89' lang='lat' dir='ltr'><strong>est</strong></span> <span class='ocrx_word' id='word_1_288' title='bbox 617 3649 705 3714; x_wconf 87' lang='lat' dir='ltr'><strong>negoti</strong></span> <span class='ocrx_word' id='word_1_289' title='bbox 717 3650 862 3715; x_wconf 75' lang='lat' dir='ltr'><strong>Bentleius,</strong></span> <span class='ocrx_word' id='word_1_290' title='bbox 880 3647 1019 3715; x_wconf 83' lang='lat' dir='ltr'><strong>*[die]q.i.</strong></span> <span class='ocrx_word' id='word_1_291' title='bbox 1033 3649 1151 3715; x_wconf 84' lang='lat' dir='ltr'><strong>negotist</strong></span> 
     </span>
     <span class='ocr_line' id='line_1_41' title="bbox 122 3715 1196 3780; baseline 0.004 -14"><span class='ocrx_word' id='word_1_292' title='bbox 122 3720 231 3768; x_wconf 88' lang='lat' dir='ltr'><strong>tutnmst</strong></span> <span class='ocrx_word' id='word_1_293' title='bbox 250 3715 369 3768; x_wconf 76' lang='lat' dir='ltr'><strong>crederet</strong></span> <span class='ocrx_word' id='word_1_294' title='bbox 387 3715 585 3780; x_wconf 80' lang='lat' dir='ltr'><strong>iiidieelrirup.</strong></span> <span class='ocrx_word' id='word_1_295' title='bbox 603 3718 637 3768; x_wconf 85' lang='lat'><strong>59</strong></span> <span class='ocrx_word' id='word_1_296' title='bbox 730 3716 793 3768; x_wconf 90' lang='lat' dir='ltr'><strong>licet</strong></span> <span class='ocrx_word' id='word_1_297' title='bbox 811 3719 846 3769; x_wconf 89' lang='lat' dir='ltr'><strong>sis</strong></span> <span class='ocrx_word' id='word_1_298' title='bbox 940 3716 1196 3770; x_wconf 45' lang='grc' dir='ltr'><strong>309-3111333ωο</strong></span> 
     </span>
     <span class='ocr_line' id='line_1_42' title="bbox 122 3783 1198 3838; baseline 0.006 -6"><span class='ocrx_word' id='word_1_299' title='bbox 122 3786 282 3833; x_wconf 80' lang='lat' dir='ltr'><strong>continuant</strong></span> <span class='ocrx_word' id='word_1_300' title='bbox 299 3785 374 3836; x_wconf 79' lang='lat' dir='ltr'><strong>codd.</strong></span> <span class='ocrx_word' id='word_1_301' title='bbox 445 3787 494 3837; x_wconf 88' lang='grc'><strong>309</strong></span> <span class='ocrx_word' id='word_1_302' title='bbox 513 3800 562 3835; x_wconf 87' lang='lat' dir='ltr'><strong>om.</strong></span> <span class='ocrx_word' id='word_1_303' title='bbox 581 3784 619 3833; x_wconf 81' lang='grc' dir='ltr'><em>Ε</em></span> <span class='ocrx_word' id='word_1_304' title='bbox 675 3783 711 3835; x_wconf 89' lang='lat' dir='ltr'><strong>sis</strong></span> <span class='ocrx_word' id='word_1_305' title='bbox 730 3801 779 3836; x_wconf 85' lang='lat' dir='ltr'><strong>om.</strong></span> <span class='ocrx_word' id='word_1_306' title='bbox 797 3783 858 3837; x_wconf 70' lang='lat' dir='ltr'><strong>aba</strong></span> <span class='ocrx_word' id='word_1_307' title='bbox 928 3786 1062 3838; x_wconf 81' lang='lat' dir='ltr'><strong>ata-arr</strong></span> <span class='ocrx_word' id='word_1_308' title='bbox 1081 3785 1198 3838; x_wconf 65' lang='lat' dir='ltr'><strong>auaritia</strong></span> 
     </span>
     <span class='ocr_line' id='line_1_43' title="bbox 123 3848 1114 3917; baseline 0.003 -15"><span class='ocrx_word' id='word_1_309' title='bbox 123 3851 243 3902; x_wconf 83' lang='lat' dir='ltr'><strong>ordinem</strong></span> <span class='ocrx_word' id='word_1_310' title='bbox 261 3848 368 3911; x_wconf 77' lang='lat' dir='ltr'><strong>efficere</strong></span> <span class='ocrx_word' id='word_1_311' title='bbox 385 3853 478 3904; x_wconf 85' lang='lat' dir='ltr'><strong>docuit</strong></span> <span class='ocrx_word' id='word_1_312' title='bbox 496 3852 620 3903; x_wconf 78' lang='lat' dir='ltr'><strong>Goetziua</strong></span> <span class='ocrx_word' id='word_1_313' title='bbox 698 3853 746 3904; x_wconf 86' lang='lat'><strong>313</strong></span> <span class='ocrx_word' id='word_1_314' title='bbox 765 3853 851 3917; x_wconf 91' lang='lat' dir='ltr'><strong>modo]</strong></span> <span class='ocrx_word' id='word_1_315' title='bbox 870 3853 947 3906; x_wconf 89' lang='lat' dir='ltr'><strong>bodie</strong></span> <span class='ocrx_word' id='word_1_316' title='bbox 965 3853 1114 3905; x_wconf 74' lang='lat' dir='ltr'><strong>Muellerus</strong></span> 
     </span>
     <span class='ocr_line' id='line_1_44' title="bbox 121 3918 1199 3988; baseline 0.006 -20"><span class='ocrx_word' id='word_1_317' title='bbox 121 3918 224 3969; x_wconf 87' lang='lat' dir='ltr'><strong>invenio</strong></span> <span class='ocrx_word' id='word_1_318' title='bbox 242 3919 267 3969; x_wconf 81' lang='grc' dir='ltr'><em>Ε</em></span> <span class='ocrx_word' id='word_1_319' title='bbox 344 3922 394 3972; x_wconf 83' lang='grc'><strong>314</strong></span> <span class='ocrx_word' id='word_1_320' title='bbox 413 3920 644 3987; x_wconf 88' lang='lat' dir='ltr'><strong>dignissimumB</strong></span> <span class='ocrx_word' id='word_1_321' title='bbox 722 3923 772 3974; x_wconf 84' lang='lat' dir='ltr'><strong>ata</strong></span> <span class='ocrx_word' id='word_1_322' title='bbox 790 3937 840 3988; x_wconf 90' lang='lat' dir='ltr'><strong>que</strong></span> <span class='ocrx_word' id='word_1_323' title='bbox 911 3936 967 3974; x_wconf 87' lang='lat' dir='ltr'><strong>esse</strong></span> <span class='ocrx_word' id='word_1_324' title='bbox 986 3921 1036 3972; x_wconf 85' lang='lat' dir='ltr'><strong>sibi</strong></span> <span class='ocrx_word' id='word_1_325' title='bbox 1053 3922 1199 3974; x_wconf 71' lang='lat' dir='ltr'><strong>Acidaliae</strong></span> 
     </span>
     <span class='ocr_line' id='line_1_45' title="bbox 122 3986 745 4052; baseline 0.003 -14"><span class='ocrx_word' id='word_1_326' title='bbox 122 3989 172 4040; x_wconf 90' lang='grc'><strong>319</strong></span> <span class='ocrx_word' id='word_1_327' title='bbox 190 3986 340 4038; x_wconf 86' lang='lat' dir='ltr'><strong>familiarem</strong></span> <span class='ocrx_word' id='word_1_328' title='bbox 359 3993 472 4039; x_wconf 75' lang='lat' dir='ltr'><strong>tentatur</strong></span> <span class='ocrx_word' id='word_1_329' title='bbox 488 3987 603 4052; x_wconf 78' lang='lat' dir='ltr'><strong>Nonius]</strong></span> <span class='ocrx_word' id='word_1_330' title='bbox 622 3987 745 4041; x_wconf 87' lang='lat' dir='ltr'><strong>familiare</strong></span> 
     </span>
    </p>
   </div>
   <div class='ocr_carea' id='block_1_4' title="bbox 0 0 1305 4576">
    <p class='ocr_par' dir='ltr' id='par_1_31' title="bbox 0 0 1305 4576">
     <span class='ocr_line' id='line_1_46' title="bbox 0 0 1305 4576; baseline 0 0"><span class='ocrx_word' id='word_1_331' title='bbox 0 0 1305 4576; x_wconf 95' lang='lat' dir='ltr'><strong> </strong></span> 
     </span>
    </p>
   </div>
  </div>
 </body>
</html>
