2594 4576
104 196 145 255 so
446 256 454 268 „
585 195 705 249 ennvrr
1054 219 1090 270 1¹,
1097 37 1214 293 „A

108 387 197 449 quam
219 367 352 430 amabam
375 367 496 428 abduxit
518 368 554 428 ab
577 368 686 429 lenone
709 368 876 447 mulierem;
1134 380 1181 433 188

107 472 206 533 neque
228 454 334 534 puduit
355 471 422 514 eum
444 453 473 513 id
497 453 599 514 aetatis
621 453 827 534 sycophantias

107 549 223 602 struere
247 548 276 601 et
298 537 451 600 beneficiis
473 557 519 599 mc
543 555 641 598 emere
663 547 786 617 gnatum
808 559 895 601 suom
919 541 986 604 sihi.

107 644 158 687 eos
180 628 226 685 md
249 624 430 685 decretumst
451 623 589 702 persequi
611 641 709 684 mores
731 623 831 703 patris.

108 729 176 772 nam
200 728 247 771 me
270 709 356 770 hodic
379 709 472 768 oravit
493 708 678 788 Argyrippus
700 709 786 781 fidius,

108 800 151 857 uti
172 794 228 856 sibi
251 794 361 854 amanti
383 794 510 854 facerem
533 792 648 871 argenti
671 793 802 873 copiam:

107 890 136 941 ct
159 880 186 939 fd
211 898 265 959 ego
288 877 432 958 percupio
456 878 580 957 obsequi
600 887 690 957 gnato
713 897 789 939 meo.

108 962 185 1048 [volo
209 964 301 1024 amori
325 963 498 1023 obsecutum
523 963 608 1037 illius,
631 963 697 1023 volo
720 973 797 1024 amet
821 982 868 1024 mc
891 962 1029 1049 patrem]

107 1066 284 1129 quamquam
308 1047 389 1108 illum
413 1057 506 1108 mater·
528 1057 590 1108 arte
613 1056 814 1126 contenteque
836 1048 934 1123 habet,

109 1143 207 1214 patres
231 1141 262 1193 ut
285 1140 521 1193 consueverunt:
545 1151 598 1210 ego
622 1133 706 1193 mitto
729 1134 828 1194 omnia
849 1135 930 1196 haec.

107 1218 281 1298 praesertim
304 1236 395 1296 quom
418 1218 442 1278 is
464 1236 512 1278 me
534 1217 656 1295 dignum
679 1219 751 1296 quoi
772 1219 968 1280 concrederet
1137 1222 1174 1277 80

106 1303 218 1376 habuit,
241 1321 289 1362 mc
311 1301 420 1363 habere
442 1303 588 1363 honorem
612 1303 675 1364 eius
697 1303 818 1381 ingenio
841 1303 941 1378 decet;

107 1406 197 1467 quom
221 1405 267 1447 me
289 1386 368 1461 adiit,
391 1395 425 1447 ut
447 1387 606 1465 pudentem
630 1397 751 1466 gnatum
774 1395 928 1468 aequomst
949 1398 1072 1469 patrem,

107 1472 194 1552 cupio
218 1489 281 1541 esse
305 1471 415 1533 amicae
438 1472 517 1550 quod
540 1472 590 1532 det
612 1481 767 1551 argentum
790 1492 869 1535 suae.

106 1558 168 1618 Lm.
201 1557 289 1637 Cupis
311 1557 340 1617 id
364 1557 443 1636 quod
467 1575 576 1636 cupere
598 1567 627 1617 te
651 1558 829 1636 nequiquam
853 1559 1004 1638 intellego.

107 1643 232 1703 dotalem
256 1661 370 1704 servom
394 1643 532 1703 Sauream
557 1651 704 1703 uxortua
728 1639 804 1725 [tihi]
923 1707 924 1710 ,
1139 1647 1160 1700 88

107 1727 235 1801 adduxit,
260 1727 329 1806 quoi
352 1727 418 1806 plus
440 1727 471 1787 in
494 1744 584 1787 manu
607 1727 644 1788 sit
666 1745 754 1805 qnam
777 1728 839 1788 tibi.

106 1812 182 1872 Dnu.
213 1813 376 1890 Argentum
400 1812 510 1890 accepi,
533 1810 601 1872 dote
623 1812 781 1891 imperium
802 1812 928 1875 vendidi.

106 1915 189 1957 nunc
211 1896 300 1957 verba
323 1896 353 1955 in
377 1914 470 1975 pauca
493 1896 645 1957 conferam
668 1897 739 1975 quid
761 1906 790 1958 te
812 1897 907 1959 velim.

106 1980 209 2059 viginti
231 1980 288 2041 iam
313 1989 395 2041 usust
416 1980 476 2041 filio
499 1980 613 2060 argenti
637 1981 739 2043 minis:

106 2066 170 2126 face
193 2065 222 2125 id
244 2073 278 2126 ut
299 2074 433 2144 paratum
455 2065 514 2126 iam
535 2066 582 2127 sit.
626 2066 688 2126 Lm.
719 2065 802 2127 Vnde
826 2064 982 2145 gentium?
1145 2071 1168 2124 tt

107 2151 181 2212 Dnu.
213 2149 259 2211 Me
282 2150 462 2212 defraudato.
507 2151 568 2211 Lm.
599 2151 749 2213 Maxumas
771 2169 865 2229 nugas
887 2152 962 2229 agis:

107 2237 187 2296 nudo
211 2236 365 2296 detrahere
387 2236 558 2298 vestimenta
581 2255 628 2298 me
651 2236 745 2298 iubes.

107 2321 278 2382 defraudem
301 2329 329 2380 te
353 2318 431 2400 ego?
453 2339 506 2399 age
529 2325 577 2394 sis,
601 2330 632 2381 tu
656 2321 720 2382 sine
743 2319 851 2401 pennis
873 2319 947 2380 vola.

105 2414 175 2466 tene
198 2424 252 2485 ego
275 2405 455 2478 defraudem,
479 2405 549 2483 quoi
572 2404 628 2485 ipsi
653 2406 726 2466 nihii
749 2404 845 2467 estin
869 2423 968 2478 manu,
1141 2456 1146 2464 .

107 2490 163 2550 nisi
186 2488 256 2568 quid
279 2498 309 2549 tu
334 2507 423 2569 porro
446 2508 568 2550 errorem
592 2487 831 2552 defraudaveris?
1149 2497 1174 2548 98

105 2574 181 2635 Dnu.
212 2573 276 2643 Qua
298 2591 355 2645 me,
379 2592 434 2652 qua
459 2593 591 2649 uxorem,
615 2593 673 2654 qua
695 2585 727 2637 tu
749 2592 863 2638 servom
887 2575 1028 2636 Sauream

105 2667 201 2739 potes,
224 2658 421 2732 circumduce,
444 2660 541 2735 aufer;
565 2660 706 2739 promitto
729 2661 779 2721 tibi

107 2762 168 2803 non
192 2742 375 2814 obfuturum,
399 2743 422 2804 si
445 2743 474 2803 id
498 2744 584 2805 hodie
607 2745 750 2807 effeceris.

106 2828 167 2888 Lm.
198 2826 303 2889 iubeas
325 2846 383 2889 una
407 2847 497 2908 opera
519 2848 567 2890 me
588 2830 696 2909 piscari
719 2830 749 2890 in
772 2848 849 2902 aere,

105 2913 207 2974 venari
229 2922 329 2975 autem
351 2921 414 2975 rete
436 2914 531 2976 iaculo
554 2914 585 2976 in
608 2914 705 2976 medio
728 2912 839 2992 mari.†
1141 2921 1179 2972 tot

192 3065 224 3114 70
242 3061 336 3114 letone
347 3063 385 3112 B‘t
479 3067 512 3116 12
531 3080 571 3117 me
590 3069 682 3128 emere]
702 3080 758 3117 mee
776 3080 832 3116 mea
848 3079 875 3116 re
888 3064 922 3116 B²
939 3068 970 3114 ut
987 3064 1050 3128 vid„
1068 3079 1125 3134 mee
1142 3078 1179 3115 ma

106 3144 133 3181 re
151 3128 189 3179 Ι)1
206 3135 238 3181 ut
254 3130 307 3181 vid.
376 3134 408 3184 75
427 3135 455 3184 nt
525 3135 558 3185 18
575 3125 622 3185 ‘PL
640 3132 725 3188 Asin:
744 3148 793 3198 ego
811 3147 874 3184 sane
892 3131 967 3198 cupio
986 3147 1011 3186 o.
1030 3146 1054 3198 g.
1068 3127 1109 3185 m.’
1128 3131 1181 3184 No·

105 3200 168 3248 nius
248 3201 280 3250 11
299 3198 349 3250 del.
366 3198 556 3252 Fleckeisenus
625 3201 704 3252 amari
722 3200 871 3252 obsecutam
889 3199 996 3252 Nonius
1014 3193 1119 3265 (genet.
1137 3215 1180 3266 pro

106 3259 216 3331 dativo’)
285 3268 486 3320 79consnernnt
549 3271 582 3321 89
600 3268 679 3335 qnobi
692 3268 730 3318 11¹
744 3273 775 3319 ut
788 3268 850 3332 oid,
869 3269 910 3320 eui
922 3267 958 3320 Β2
1022 3269 1053 3320 82
1074 3272 1182 3336 aequost

105 3333 149 3397 3¹,
168 3337 273 3400 atqnost
289 3335 315 3385 D
391 3337 423 3388 85
442 3336 545 3387 dmum
563 3336 664 3387 Libani
680 3336 778 3388 BD¹E¹
847 3336 912 3400 [tibi]
932 3335 978 3386 LG
1048 3337 1082 3388 86
1101 3335 1182 3389 esti)

105 3406 131 3452 et
147 3401 172 3452 Ε
189 3403 240 3453 nl.
311 3405 342 3455 91
362 3402 460 3455 defrnd.
479 3405 522 3455 dio
530 3403 576 3468 122,
596 3400 628 3458 93
637 3404 669 3471 Β,
688 3405 812 3469 9481118,
830 3405 898 3457 951)
968 3405 1000 3456 93
1019 3404 1069 3455 del.
1089 3403 1183 3456 Fleck-

105 3471 208 3520 eisenus
277 3471 310 3523 96
329 3475 378 3534 me]
397 3486 437 3522 me
456 3475 510 3523 arte
528 3473 558 3534 B,
577 3487 617 3524 me
636 3477 662 3523 et
679 3488 702 3525 o.
722 3473 738 3525 1.
757 3472 849 3525 arteD
919 3472 1032 3523 inriorem
1051 3472 1095 3523 ved
1111 3472 1181 3525 nixo·

104 3538 198 3588 remB
276 3540 307 3590 97
327 3542 413 3603 potest
430 3538 466 3589 B¹
544 3541 576 3592 98
595 3539 731 3593 oifotnrnm
751 3541 787 3592 Ba
856 3539 879 3590 si
896 3539 922 3590 id
941 3538 1017 3591 hodie
1035 3539 1131 3604 Lond]
1150 3539 1183 3592 sit

104 3603 181 3655 hodie
198 3605 270 3669 Dru,
289 3605 311 3656 si
329 3605 405 3658 hodie
422 3604 492 3672 aab,
511 3606 534 3658 si
551 3607 577 3658 id
594 3608 691 3659 Festus
704 3608 761 3672 198,
778 3622 799 3661 s.
818 3607 835 3660 i.
854 3606 962 3660 hocedie
980 3607 1141 3672 Spengeft'm

107 3673 340 3724 weremund
423 3675 471 3726 reti
489 3678 574 3726 antem
591 3676 675 3728 iaculo
693 3675 781 3728 veneri
800 3676 976 3739 Her-mannus,
995 3672 1029 3734 of.
1051 3674 1132 3729 Truc.
1149 3675 1182 3729 38

104 3738 187 3803 (quasi
206 3738 232 3788 in
250 3739 373 3804 piscinam
392 3744 446 3794 rete
478 3742 503 3793 ni
517 3743 628 3794 iaculum
641 3746 735 3810 parat);
753 3745 801 3796 reti
812 3744 898 3796 iaculo
917 3748 961 3795 aut
972 3743 1060 3794 venari
1080 3757 1155 3796 avem
1167 3744 1183 3796 i.

104 3819 137 3855 m.
148 3818 181 3855 m.
191 3803 349 3886 Ribbechim
358 3808 392 3859 M.
404 3808 450 3862 lid.
460 3758 503 3875 37,
511 3810 560 3873 585
578 3825 652 3862 avem
667 3811 754 3864 venari
765 3812 873 3864 reticulo
883 3812 899 3863 i.
910 3826 944 3863 m.
954 3826 986 3862 m.
996 3811 1134 3876 Bargates
1143 3827 1184 3878 op.

105 3874 129 3937 1,
138 3870 206 3950 6815
219 3872 251 3922 dc
260 3875 383 3928 retiaculo
396 3875 431 3938 cf.
443 3877 485 3931 W.
495 3877 622 3930 Schmitz.
633 3878 668 3932 M.
678 3877 725 3933 118.
735 3879 777 3943 28,
788 3879 839 3932 628
848 3896 886 3946 sq.
893 3898 903 3942 ,·
920 3878 996 3944 *[qua
1010 3880 1078 3931 istuc
1090 3879 1184 3944 iubes]

103 3953 191 3990 venari
211 3943 294 3991 autem
314 3942 340 3993 in
358 3944 443 3996 medio
461 3946 524 3997 mari
542 3944 588 4012 (cf.
608 3946 682 4013 daps.
697 3946 758 4012 563)
828 3964 843 3998 a
861 3948 941 3998 Festo
959 3947 1124 4002 ensa-98.
1136 3948 1183 4001 101
