2594 4576
59 260 219 312 44,444-4.4
508 243 700 298 ΔΜΡΗΙΤΒνθ
1104 247 1143 306 21

107 415 206 478 Mane.
236 415 291 477 Vbi
307 434 362 496 ego
378 415 461 477 Sosia
477 415 567 476 nolim
584 433 658 489 esse,
674 424 706 477 tu
722 424 784 476 esto
801 434 872 477 sane
889 417 980 479 Sosia.

109 519 194 562 nune
209 502 329 579 quando
345 519 399 580 ego
414 519 489 575 sum,
505 499 665 578 vapulabis,
680 500 712 560 ni
727 500 797 561 hinc
812 501 884 576 abis,
900 502 1048 579 ignobilis.
1102 516 1146 566 440

110 586 176 648 Sos.
208 585 293 647 Certe
316 585 430 665 edepol,
454 603 544 663 quom
567 584 650 644 illum
673 587 853 665 contemplo,
876 605 923 648 em
946 588 1070 649 sormam
1094 609 1146 651 eo-

417 688 530 749 gnoseo
545 687 643 729 meam

109 755 390 834 quemadmodum
406 772 461 833 ego
476 773 556 815 sum:
577 757 666 833 saepe
681 755 712 815 in
729 755 882 835 speculum
900 757 1026 836 inspexi.
1056 759 1145 820 nimis

418 839 533 900 similist
547 840 621 899 mei:

110 923 215 985 itidem
230 923 319 984 babet
332 933 468 1003 petasum
484 942 517 985 ac
533 923 668 985 vestitum
685 926 756 999 (tam
768 925 955 1002 consimilist)
969 937 1058 1006 atque
1075 946 1146 1008 ego;

110 1026 190 1084 sura,
208 1027 270 1088 pes,
286 1016 408 1082 statura,
422 1016 538 1082 tonsus,
554 1008 641 1084 oculi,
659 1027 764 1069 nasum
779 1008 800 1087 †
815 1010 860 1070 vel
875 1009 966 1085 labra,

109 1093 215 1168 malae,
229 1101 374 1167 mentum,
389 1093 491 1167 barba,
507 1093 615 1154 oollus:
631 1101 721 1154 totus.
752 1094 823 1172 quid
837 1096 934 1157 verbis
949 1094 1061 1176 opust?
1104 1108 1147 1158 445

110 1178 136 1240 si
151 1185 269 1257 tergum
285 1178 501 1251 cicatricosum
517 1178 591 1239 nibil
605 1178 663 1238 boo
679 1177 795 1240 similist
809 1178 944 1242 simibus.

110 1263 164 1325 sed
179 1281 271 1341 quom
287 1263 395 1341 cogito,
412 1263 550 1342 equidem
565 1270 647 1323 eerto
663 1263 740 1323 idem
756 1282 822 1324 sum
838 1265 889 1342 qui
904 1284 1022 1346 semper
1036 1268 1089 1329 lui.

111 1347 181 1409 novi
197 1365 290 1422 erum,
306 1347 375 1409 novi
390 1348 470 1409 aedis
485 1356 618 1422 nostras;
633 1366 705 1409 sane
720 1349 802 1428 sapio
818 1357 847 1409 et
862 1351 969 1412 sentio.

111 1451 173 1493 non
192 1450 248 1512 ego
264 1431 305 1492 illi
321 1430 496 1512 obtempero
512 1433 592 1510 quod
607 1432 753 1510 loquitur:
770 1434 891 1513 pultabo
907 1436 988 1497 loris.

111 1517 207 1579 blanc.
231 1516 298 1587 Quo
313 1514 441 1598 agisne?
471 1517 546 1578 Sos·
558 1517 696 1577 Domum.
727 1517 821 1579 Mune.
845 1519 1008 1601 Quadrigas
1023 1520 1048 1582 si
1064 1539 1146 1581 nune

420 1601 577 1664 inscendas
592 1601 668 1663 lovis
1102 1617 1146 1665 400

111 1696 202 1766 atque
217 1686 288 1747 hine
303 1687 407 1765 fugias,
423 1689 462 1747 ita
478 1687 523 1747 vix
540 1686 653 1765 poteris
668 1687 798 1766 ellugere
814 1688 1021 1749 infortunium.

113 1772 179 1833 Sos.
210 1771 318 1832 Nonne
333 1789 400 1832 erae
421 1790 503 1832 meae
520 1771 658 1832 nuntiare
674 1772 753 1849 quod
770 1791 839 1834 erus
853 1792 937 1834 meus
957 1773 1042 1834 iussit
1055 1772 1146 1834 licet‘l

111 1857 209 1918 Mune.
244 1856 323 1919 Tuae
345 1857 370 1917 si
392 1857 462 1935 quid
485 1856 527 1917 vis
550 1855 703 1916 nuntiare:
727 1857 804 1918 hane
827 1868 958 1920 nostram
981 1859 1062 1919 adire
1084 1878 1146 1920 non

420 1959 524 2002 sinam.

114 2042 186 2086 nam
200 2024 225 2086 si
239 2042 287 2085 me
301 2025 455 2099 inritassis,
471 2025 559 2086 hodie
573 2024 793 2103 lumbifragium
808 2026 879 2087 hine
895 2029 1020 2089 auferes.

112 2108 179 2171 Sos.
209 2108 291 2170 Abeo
305 2110 414 2189 potius.
444 2110 473 2171 di
489 2110 671 2183 inmortales,
687 2109 811 2171 obsecro
827 2118 955 2172 vostram
969 2113 1067 2187 fidem,
1103 2123 1146 2172 455

111 2194 165 2255 ubi
181 2212 236 2273 ego
257 2193 354 2274 periil
376 2194 428 2255 ubi
442 2195 607 2256 inmutatus
622 2192 710 2255 sum‘l
731 2193 781 2254 ubi
797 2212 852 2273 ego
868 2197 993 2256 formam
1008 2195 1145 2276 perdidi?

110 2297 151 2339 an
168 2287 284 2357 egomet
298 2296 345 2339 me
361 2279 420 2340 illie
436 2279 551 2358 reliqui,
567 2280 591 2340 si
607 2280 683 2340 sorte
699 2278 809 2340 oblitus
824 2278 888 2341 lui?

110 2381 182 2424 nam
196 2364 245 2425 hie
261 2364 380 2442 quidem
393 2382 512 2425 omnem
523 2364 682 2443 imaginem
693 2382 799 2438 meam,
816 2383 890 2443 quae
903 2365 1029 2427 antehac
1039 2367 1146 2439 fuerat,

419 2449 560 2528 possidet.

110 2532 178 2592 vivo
193 2533 226 2594 flt
241 2534 319 2611 quod
337 2551 498 2612 numquam
515 2533 672 2612 quisquam
686 2542 805 2594 mortuo
821 2534 909 2595 faciet
922 2535 1003 2596 mibi.

111 2615 164 2678 ibo
179 2618 216 2678 ad
231 2627 350 2697 portum
368 2628 456 2697 atque
472 2619 544 2679 baec
559 2619 603 2679 uti
618 2627 689 2680 sunt
704 2619 777 2679 lacta
794 2639 844 2680 ero
861 2619 955 2681 dieam
970 2637 1052 2694 meo;
1101 2630 1145 2679 400

110 2701 171 2762 nisi
182 2701 269 2763 etiam
282 2702 307 2764 ie
322 2721 441 2782 quoque
456 2721 504 2763 me
517 2702 680 2781 ignorabit:
697 2703 777 2781 quod
792 2704 840 2765 ille
856 2705 927 2765 laxit
937 2704 1080 2785 luppiter,

109 2793 147 2847 ut
160 2804 216 2867 ego
231 2786 320 2849 bodie
334 2791 401 2849 raso
417 2787 512 2867 capite
527 2788 624 2850 calvos
640 2787 751 2867 capiam
767 2788 898 2868 pilleum.

472 2940 739 3002 MERCVRIVS
1089 2939 1144 3000 12

154 3040 235 3102 Rene
250 3047 305 3120 prb
321 3059 433 3121 speque
448 3042 505 3103 boe
521 3042 607 3102 hodie
624 3043 723 3120 operis
738 3046 887 3120 prooessit
901 3042 989 3103 mibi:

153 3125 250 3187 amovi
264 3144 280 3187 a
295 3126 411 3187 loribus
425 3145 591 3188 maxumam
605 3127 779 3201 molestiam,

153 3244 204 3295 439
222 3255 280 3293 esse
297 3241 376 3293 nolim
397 3241 527 3294 Gruterus
630 3244 766 3295 438-440
785 3242 922 3293 adieetieii
944 3258 999 3293 esse
1020 3242 1147 3293 videntur

65 3312 115 3362 441
137 3308 268 3376 quomodo
287 3309 318 3374 B,
335 3311 399 3360 item
417 3310 467 3361 447
536 3309 602 3373 *eml
621 3317 647 3362 et
717 3312 766 3361 442
785 3309 868 3361 simile
886 3314 926 3362 est
943 3310 1037 3375 bom,
1055 3308 1146 3360 similis

65 3380 107 3430 est
124 3376 164 3428 11²
232 3378 282 3429 443
295 3377 428 3429 consimile
440 3383 479 3429 est
548 3381 598 3431 444
610 3392 670 3429 nasa
683 3377 726 3429 vel
737 3377 834 3429 labrem
846 3378 878 3442 Ε,
891 3392 982 3430 nasum
993 3378 1063 3429 frons
1075 3377 1146 3427 labra

64 3445 221 3511 Longanos,
239 3448 346 3496 *nasum
363 3459 437 3496 aures
455 3445 525 3497 labra
612 3448 662 3498 445
681 3445 774 3497 malum
793 3449 920 3498 ementem
937 3446 977 3496 De
1062 3444 1145 3495 collus

64 3511 182 3577 Nonius]
201 3512 296 3565 collum
375 3515 424 3566 446
442 3513 552 3565 similest
568 3514 599 3576 B,
619 3513 702 3565 simile
720 3520 759 3565 est
776 3514 834 3577 llll,
852 3529 922 3566 eos-r.
940 3513 1071 3576 Angelius

66 3583 118 3634 452
136 3595 189 3633 404
206 3580 395 3632 Fleeksa'senus
515 3583 564 3634 453
587 3581 704 3633 nuntiato
723 3581 865 3646 lissingius
985 3579 1145 3632 4541umbi·

66 3648 195 3716 finagium
265 3650 315 3701 458
333 3653 425 3713 meam]
445 3652 515 3700 tuam
527 3650 564 3699 Ba
633 3651 683 3701 460
701 3657 730 3701 ut
800 3652 848 3703 461
867 3648 1002 3714 ignorabat
1016 3646 1077 3698 Bm

65 3715 133 3769 laxit
145 3716 264 3780 Servius]
283 3715 362 3768 facist
431 3718 480 3768 462
499 3715 607 3768 hocedie
620 3716 778 3782 Spengeltns
844 3717 965 3768 Mes-euri
981 3730 1067 3766 sermo
1081 3731 1145 3781 pos-

64 3787 116 3836 sim
134 3789 166 3836 nt
179 3784 313 3850 prologus
330 3785 521 3836 additamentis
538 3785 647 3836 uidetur
664 3790 760 3836 anetus
772 3802 833 3835 essa.
862 3786 892 3834 tn
904 3785 1083 3848 suspiee‘onenn
1100 3799 1145 3834 vo-

10 3916 12 3921 ,
65 3856 168 3905 sanent
180 3851 298 3918 (lugetur
313 3869 338 3904 v.
351 3853 487 3906 486-490
504 3857 530 3902 et
540 3852 599 3905 497.
611 3853 663 3906 498
673 3851 831 3903 Ribbeeleius
840 3851 984 3915 ase-490,
1002 3851 1146 3916 Vsse'nge'ns

64 3919 214 3985 479-485,
232 3919 377 3986 Langenses
394 3920 539 3985 476-495,
561 3919 786 3972 Wileenowitzins
802 3924 873 3971 reete
891 3925 923 3970 ut
939 3920 1048 3971 videtur
1059 3920 1145 3973 486-

64 3988 117 4042 495
189 3989 239 4042 463
257 4002 304 4054 444
322 4003 419 4055 speque
437 3988 579 4051 Vsenems]
597 4003 771 4056 prospereque
