2594 4576
143 249 183 309 82
616 247 735 303 Putvul

143 425 259 506 pictura
272 423 318 495 sit,
334 440 398 484 eam
411 422 527 483 vendat
556 422 588 482 ni
603 422 633 482 in
650 422 814 501 quadriduo

143 509 325 583 abalienarit,
340 527 431 588 quom
445 506 542 569 abste
557 516 713 587 argentum
729 509 884 588 acceperit,

144 604 211 657 tuos
225 594 381 656 arbitratus
395 593 447 656 sit:
464 593 630 668 comburas,
645 593 670 654 si
686 593 766 667 velis,

145 682 184 743 ne
198 680 240 742 illi
255 680 293 743 sit
307 697 384 751 cera,
399 677 451 739 ubi
465 680 562 740 iacere
577 679 671 759 possit
684 678 805 740 litteras

144 775 228 828 vocet
243 765 393 826 convivam
408 764 557 824 neminem
572 764 637 838 illa;
653 771 685 824 tu
699 782 796 825 voces.

145 853 179 912 ad
195 869 299 912 eorum
315 868 353 910 ne
369 868 546 928 quemqnam
561 849 664 910 oculos
678 848 783 911 adiciat
797 868 876 911 suos.

144 938 169 999 si
184 954 271 1015 quem
286 935 376 995 alium
391 935 512 1014 aspexit,
528 953 615 996 caeca
629 935 774 997 continno
789 935 853 997 siet.

145 1032 244 1083 tecum
258 1039 318 1081 una
334 1028 427 1100 potet,
443 1039 536 1099 aeque
551 1021 635 1100 pocta
650 1021 771 1100 potitet;

144 1107 197 1168 abs
211 1106 259 1167 ted
275 1105 408 1185 accipiat,
422 1105 475 1166 tibi
491 1106 638 1185 propinet,
653 1115 686 1166 tu
701 1105 793 1180 bibas,

145 1211 184 1253 ne
198 1191 246 1252 illa
260 1191 358 1251 minus
372 1199 423 1251 aut
437 1191 603 1269 plusquam
617 1200 650 1251 tu
665 1184 775 1270 sapiat'
822 1189 903 1250 Dran.
934 1190 1013 1252 Satis
1029 1191 1133 1271 placet
1237 1214 1246 1257 t

146 1278 215 1338 Pan.
242 1269 447 1354 ‘Suspiciones
462 1295 565 1338 omnes
579 1276 615 1336 ab
631 1295 663 1337 se
677 1285 821 1355 segreget.
1237 1334 1243 1341 .

147 1380 243 1441 neque
259 1361 341 1422 illaec
356 1360 408 1421 ulli
423 1361 497 1440 pedo
512 1361 618 1439 pedem
631 1361 745 1422 homini
760 1368 882 1441 premat
1166 1374 1195 1425 77
1238 1384 1244 1426 t

147 1465 237 1526 quom
259 1453 368 1525 surgat,
393 1464 489 1524 neque
511 1448 622 1524 [quom]
645 1446 675 1506 in
698 1448 808 1507 lectum
829 1446 983 1508 inscendat
1006 1466 1182 1528 proxumum,
1239 1470 1247 1511 a

147 1550 245 1610 neque
267 1550 358 1609 quom
380 1531 540 1592 descendat
561 1531 641 1605 inde,
664 1532 713 1592 det
735 1532 894 1610 quoiquam
915 1550 1056 1595 manum:

146 1615 338 1697 spectandum
362 1636 400 1677 no
422 1616 581 1696 quoiquam
604 1617 725 1677 anulum
747 1616 796 1678 det
818 1635 917 1695 neque
938 1627 1037 1697 roget.

146 1703 219 1764 talos
242 1721 280 1762 ne
302 1702 461 1781 quoiquam
483 1701 595 1763 bomini
618 1703 771 1763 admoveat
792 1701 849 1762 nisi
870 1702 933 1763 tibi.

147 1806 238 1867 quom
260 1787 354 1859 iaciat,
374 1780 425 1848 ‘te'
449 1806 487 1849 ne
509 1787 599 1848 dicat:
622 1806 732 1848 nomen
755 1787 898 1848 nominet.

148 1874 231 1933 deam
252 1873 370 1933 invocet
390 1871 446 1933 sibi
468 1891 556 1950 quam
577 1871 691 1933 iubebit
712 1872 879 1953 propitiam,

147 1960 235 2019 deum
258 1957 381 2018 nullum.
415 1956 439 2017 si
462 1958 554 2036 magis
574 1958 709 2037 religiosa
731 1958 830 2031 fuerit,

148 2043 201 2104 tibi
223 2043 314 2104 dicat:
337 2049 369 2103 tu
393 2060 446 2121 pro
469 2042 516 2103 ilia
540 2060 606 2104 ores
627 2051 660 2104 ut
682 2044 721 2105 sit
740 2043 896 2124 propitius.

149 2148 245 2208 neque
268 2128 316 2188 illa
337 2126 389 2188 ulli
411 2128 524 2189 bomini
547 2136 642 2203 nutet,
665 2129 766 2202 nictet‚
789 2137 915 2204 annuat;

148 2223 225 2294 post,
247 2215 271 2276 si
293 2215 413 2275 lucerna
435 2214 578 2275 exstincta
599 2215 645 2288 sit,
668 2233 706 2275 ne
728 2214 797 2293 quid
820 2213 864 2274 sui
1171 2224 1204 2277 π

150 2300 274 2361 membri
298 2308 480 2360 commoveat
506 2301 661 2379 quicquam
690 2300 720 2361 in
743 2289 893 2360 tenebris'
939 2299 1021 2365 Dur.
1054 2302 1203 2383 cptnnat

151 2386 190 2447 ita
213 2384 326 2446 scilicet
345 2385 499 2444 facturam.
542 2404 644 2446 vorum
666 2385 697 2446 in
720 2384 856 2446 cubiculo
878 2419 920 2430 -

150 2471 235 2530 deme
256 2470 331 2530 istuc
353 2502 394 2512 -
416 2469 550 2546 equidem
573 2470 650 2530 illam
672 2460 783 2531 moieri
805 2470 908 2550 gestio.

44 2620 46 2625 ,
152 2555 221 2615 nolo
243 2553 320 2614 illam
343 2571 460 2615 causam
481 2554 590 2615 habere
613 2565 642 2615 et
661 2556 781 2616 votitam
803 2555 910 2616 dicere.
1172 2562 1205 2617 71

151 2640 220 2700 Pan.
244 2639 320 2713 Scio,
333 2639 485 2718 captiones
499 2640 613 2701 metuis.
647 2641 729 2702 Dina.
752 2641 869 2702 Verum.
901 2640 970 2700 Pan.
993 2640 1078 2721 Ergo
1090 2650 1125 2703 nt
1136 2640 1205 2703 iubs

151 2725 259 2785 tollam.
289 2724 370 2784 Dran.
387 2722 528 2794 Quidni?
557 2725 624 2786 Pin.
635 2726 710 2787 Audi
723 2726 840 2788 relicua.
869 2726 951 2786 brun.
965 2725 1116 2805 Loquere,
1123 2726 1205 2789 audio

151 2810 220 2871 Pin.
260 2804 375 2888 ‘Neque
397 2808 490 2870 ullum
511 2810 633 2871 verbum
655 2812 741 2872 saciat
761 2811 969 2892 perplexabile‚

152 2915 249 2974 neque
271 2896 328 2956 ulla
351 2895 449 2975 lingua
471 2896 544 2958 sciat
565 2897 644 2975 loqui
669 2897 725 2958 nisi
746 2897 850 2958 Attica.

152 2982 213 3041 fors
234 2981 259 3042 si
280 2981 387 3042 tussire
409 2982 546 3061 occepsit
570 3001 607 3044 ne
630 2982 672 3043 sic
693 2982 805 3055 tussiat,

152 3074 187 3126 ut
207 3065 367 3144 quoiquam
388 3067 517 3144 linguam
540 3068 570 3127 in
594 3067 745 3129 tussiendo
769 3074 912 3147 proserat.
1174 3076 1207 3129 at

238 3201 287 3252 764
304 3198 331 3249 ni
348 3199 374 3249 in
392 3203 426 3265 q.]
444 3198 610 3266 inquadridna
623 3201 648 3251 Ε
715 3203 764 3255 765
783 3216 860 3267 quom
872 3201 918 3252 abs
931 3204 957 3252 te
969 3200 1143 3254 Abrabam
1160 3200 1208 3263 tal

153 3267 220 3335 quod
234 3268 279 3319 abs
289 3271 314 3319 te
323 3266 435 3331 Nonius,
450 3283 500 3334 qno
510 3269 582 3319 abste
591 3269 648 3327 BD,
662 3285 713 3336 qno
723 3274 781 3321 exte
791 3269 834 3333 m,
847 3268 915 3336 quod
925 3283 956 3320 cx
966 3273 993 3320 te
1001 3268 1039 3320 152⁸
1094 3272 1209 3323 7666771·

151 3337 226 3389 bnret
243 3337 265 3388 si
283 3335 345 3387 velit
362 3334 467 3387 Nonius
544 3338 592 3389 767
611 3337 675 3389 nulli
693 3338 727 3388 sit
743 3337 848 3389 Nonius
920 3338 970 3389 769
988 3351 1081 3390 eorum
1100 3339 1210 3392 Comm-

152 3407 220 3468 rius]
239 3405 320 3456 iorum
372 3418 525 3470 quemquam
542 3404 662 3467 Bolbiae]
681 3421 756 3472 quem
825 3405 1102 3471 771*potct]postea

152 3473 237 3524 B¹DE
289 3474 337 3524 772
356 3472 439 3524 abstet
455 3472 506 3522 DE
556 3473 680 3541 accipiaet
697 3474 736 3523 Da
791 3478 840 3526 775
859 3490 882 3540 p.
901 3473 992 3539 pedem
1012 3477 1143 3543 [usquam]
1190 3488 1210 3541 p

152 3541 318 3603 Bitrcboltus,
336 3540 455 3592 *bonnoni
468 3557 492 3607 p.
505 3556 529 3607 p.
543 3557 567 3607 p.
637 3545 685 3594 776
699 3544 795 3609 [quom]
808 3543 950 3593 niueum
1018 3546 1069 3595 777
1084 3542 1211 3597 descendet

152 3609 192 3658 Da
268 3611 317 3661 778
335 3624 367 3660 ne
385 3609 522 3675 quoiquam
539 3610 659 3676 Itplader]
678 3611 750 3662 nocui
769 3611 843 3662 codd.
862 3626 921 3660 cum
938 3609 1028 3662 Nonio
1111 3615 1161 3666 779
1176 3608 1213 3663 ud-

153 3681 254 3729 moveet
272 3677 367 3728 bomini
385 3677 506 3744 Pylades,
523 3675 639 3729 *bomoni
658 3694 680 3729 a.
751 3681 798 3732 789
816 3680 898 3731 iaceat
914 3678 1000 3730 BDE¹
1071 3683 1125 3734 784
1141 3678 1213 3733 hont-

154 3759 213 3794 num
230 3743 334 3796 Noaiur
419 3748 467 3798 785
486 3749 545 3813 post
561 3745 586 3797 id
605 3746 626 3797 si
643 3747 694 3797 DE
778 3748 811 3798 sit
830 3752 852 3810 ς]
871 3751 911 3798 est
995 3748 1045 3800 786
1064 3746 1213 3815 ορῑιιιιιεΗ

154 3812 203 3862 789
221 3811 290 3863 illam
309 3828 409 3865 causam
428 3814 522 3866 babere
538 3814 650 3877 Nonam]
668 3815 760 3867 habero
778 3816 848 3867 illam
870 3829 972 3866 causam
1041 3816 1160 3869 uotioam
1175 3815 1213 3881 θ’,

153 3878 306 3931 notitiamE
368 3885 415 3935 791
434 3882 530 3949 reliqua
597 3882 717 3950 eloquere
735 3884 847 3935 Botbius
914 3884 963 3937 792
981 3898 1028 3935 nee
1045 3883 1157 3938 Nonius

154 3947 319 4013 perplexibite
337 3950 394 4015 DE,
444 3951 566 4018 rpexibile
586 3951 613 4015 B,
632 3952 793 4019 perpexabile
810 3952 915 4004 Nonius
1008 3954 1058 4004 793
1077 3956 1175 4009 atticae
1189 3954 1214 4005 rt

153 4014 206 4067 oid.
223 4015 263 4065 11⁰
340 4019 389 4071 794
417 4033 459 4071 ors
475 4019 596 4083 Botba‘ua]
614 4019 680 4071 torte
752 4036 799 4073 nec
816 4023 854 4074 sic
870 4021 903 4086 Ε,
921 4034 953 4072 ne
971 4019 1005 4071 sit
1018 4021 1060 4072 3⁶

220 4178 395 4302 Λ
