2594 4576
580 241 700 295 PLAVTI

167 420 299 499 profesto
322 434 410 493 egere
432 416 526 490 liceat,
550 413 607 477 nisi
628 415 807 495 peperceris.

167 512 324 584 postquam
347 503 424 563 bane
445 502 589 562 rationem
610 502 707 562 ventri
729 500 873 581 cordique
896 503 985 577 edidi,

168 590 292 651 accessit
313 588 429 649 animus
451 587 486 648 ad
509 605 603 648 meam
627 587 814 660 sententiam,

167 693 255 755 quam
277 674 413 734 minume
436 680 556 752 sumptu
578 671 665 732 filiam
689 679 723 732 ut
744 680 871 753 nuptum
894 674 1006 735 darem.

168 780 250 822 nune
271 759 419 820 tusculum
442 758 499 820 emi
522 758 580 818 hoo
600 764 631 817 et
652 776 779 819 coronas
800 759 924 820 floreas:

167 847 242 906 haec
264 846 457 924 imponentur
480 844 510 904 in
533 845 600 903 foco
623 852 726 904 nostro
748 843 827 918 Lari,

168 939 202 992 ut
222 932 388 991 fortunatas
411 929 499 988 faeiat
521 936 626 1006 gnatae
649 929 775 1008 nuptias.

168 1016 219 1076 sed
242 1015 314 1094 quid
336 1033 391 1094 ego
415 1021 530 1093 apertas
552 1014 631 1074 aedis
654 1022 769 1075 nostras
792 1014 976 1094 conspicor?

161 1108 199 1161 et
220 1100 374 1180 strepitust
394 1100 484 1160 intus.
528 1118 670 1160 numnam
693 1117 748 1178 ego
771 1100 919 1178 compilor
941 1099 1048 1162 miser?

169 1185 258 1246 Corvo.
302 1185 404 1245 Aulam
427 1185 579 1258 maiorem,
601 1185 626 1245 si
648 1192 726 1264 pote,
749 1203 785 1246 en
806 1185 913 1245 vicinia

168 1279 250 1349 pete:
274 1271 363 1331 istaec
379 1278 503 1350 parvast,
527 1288 634 1349 capere
656 1289 718 1331 non
741 1270 815 1349 quit.
863 1270 953 1330 Even.
986 1270 1020 1330 Ei
1040 1269 1105 1344 mibi,

167 1356 242 1434 perii
263 1355 374 1416 hercle.
417 1373 523 1415 aurum
545 1355 667 1433 rapitur,
689 1355 754 1415 aula
778 1356 942 1434 quaeritur.

105 1441 255 1519 [nimirum
279 1441 408 1513 occidor,
431 1440 488 1501 nisi
504 1458 558 1517 ego
574 1441 653 1500 intro
668 1440 726 1500 huo
740 1458 869 1519 propere
890 1460 1021 1523 propero
1035 1457 1107 1502 curre:

167 1526 283 1605 Apollo,
306 1545 425 1604 quaeso,
448 1524 571 1586 subveni
593 1525 634 1585 mi
656 1533 745 1604 atque
767 1526 878 1600 adiuva,

168 1613 284 1689 confige
307 1612 420 1690 sagittis
441 1612 522 1671 sures
548 1611 776 1684 thensaurarios‚

169 1697 214 1774 [si]
238 1697 307 1775 quoi
329 1697 360 1758 in
383 1715 416 1756 re
437 1697 487 1757 tali
510 1695 567 1756 iam
591 1694 754 1773 subvenisti
776 1696 925 1759 antidhae.

168 1783 217 1842 sed
241 1800 323 1843 cesso
345 1782 429 1862 prius
451 1800 539 1859 quam
561 1799 685 1860 prorsus
706 1781 781 1861 perii
803 1780 950 1842 currere?

525 2001 741 2063 ΑΝΤΗΒΑΧ

169 2123 289 2196 Dromo,
311 2122 470 2201 desquama
493 2122 591 2201 piscis.
635 2130 677 2196 tu,
699 2120 874 2196 Machaonio,

169 2227 323 2287 congrum,
346 2226 518 2268 muraenam
541 2209 685 2268 exdorsua
707 2215 850 2286 quantum
873 2214 981 2296 potest.

168 2312 223 2373 ego
247 2294 317 2354 bine
339 2302 483 2374 artoptam
506 2312 541 2353 ex
563 2311 709 2372 proxumo
732 2293 871 2352 utendam
895 2300 967 2370 peto

169 2399 184 2438 a
207 2379 385 2458 Congrione.
429 2388 461 2439 tu
484 2378 572 2439 istum
595 2379 713 2458 galium,
736 2378 760 2438 si
782 2377 870 2456 sapis,

168 2463 345 2542 glabriorem
367 2464 472 2524 reddes
493 2464 564 2524 mibi
588 2482 674 2541 quam
698 2463 795 2524 volsus
817 2461 937 2523 ludiust.

167 2547 218 2609 sed
241 2549 310 2627 quid
333 2548 391 2621 hoe
413 2549 550 2610 clamoris
572 2550 666 2609 oritur
687 2549 756 2609 bine
780 2567 816 2608 ex
838 2545 1008 2627 proxumo?

168 2634 256 2711 coqui
278 2633 388 2706 hercle,
411 2634 509 2706 eredo,
532 2635 646 2694 faciunt
667 2634 796 2694 officium
820 2652 915 2694 suom.

167 2718 276 2797 fugiam
300 2719 390 2792 intro,
413 2738 452 2779 ne
474 2719 545 2798 quid
567 2718 673 2780 turbae
695 2720 742 2779 bie
764 2717 866 2779 itidem
888 2721 960 2778 suat.

190 2923 239 2973 382
257 2921 326 2973 cordi
344 2923 479 2989 ventrique
498 2924 519 2973 J
566 2923 616 2974 384
629 2921 708 2974 nimio
720 2922 746 2971 Ι)
797 2922 847 2973 385
865 2920 915 2971 hoc
928 2923 954 2971 et
965 2922 1107 2972 Mariana

106 2988 181 3039 basoe
260 2992 310 3041 386
327 2990 508 3056 imponeuntur
525 2990 597 3054 Bra,
615 2990 791 3056 impontuntur
808 2987 847 3038 I)b
864 2993 897 3038 ut
912 2989 966 3039 vid.
1050 2987 1107 3050 esa

103 3058 201 3122 piranis
212 3055 267 3122 frg.
280 3059 376 3108 Athea.
388 3057 469 3110 3090!
536 3061 586 3111 3911
601 3062 663 3124 pote
676 3073 707 3109 ex
719 3057 874 3121 Lambinus]
893 3060 968 3122 potes
1041 3061 1088 3111 391
1100 3056 1107 3090 i

105 3125 181 3176 redd.
259 3128 309 3177 392
328 3125 412 3177 hercle
431 3129 498 3191 [ego]
517 3126 664 3193 Septies-tus
741 3127 790 3177 393
809 3125 845 3186 ef.
863 3124 900 3175 ad
915 3124 968 3176 242
1049 3129 1097 3180 395

105 3193 196 3245 tasD⁶
265 3197 315 3246 396
333 3194 355 3244 si
368 3195 429 3259 quoi
444 3195 595 3258 Vesiagius]
613 3194 652 3244 eui
723 3193 768 3244 tali
786 3193 837 3244 iam
850 3193 1035 3258 Camerarius]
1053 3194 1107 3246 talia

105 3261 225 3313 subvenit
242 3263 312 3313 BD!
386 3259 422 3321 es.
441 3261 615 3327 Ka‘osstinga‘us
631 3261 667 3312 M.
685 3261 733 3312 lto.
752 3260 794 3324 23,
810 3261 880 3324 214,·
899 3261 979 3326 Sopb.
1000 3261 1047 3313 011
1065 3263 1107 3315 161

106 3332 154 3383 398
172 3329 255 3380 Cocvs
272 3330 320 3393 BJ,
339 3345 389 3382 aaa.
406 3330 433 3379 D
529 3329 633 3381 dromae
651 3329 788 3396 desquama
808 3329 893 3394 pisees
910 3328 1029 3389 Nonius,
1047 3330 1107 3383 droa

104 3400 225 3461 tenuiore.
241 3399 281 3460 B;
298 3397 314 3448 d
333 3399 361 3446 in
379 3412 432 3462 mg.
449 3398 491 3460 11,·
509 3397 645 3463 promodes
662 3399 693 3460 J)
710 3412 785 3463 quam
804 3396 899 3463 aspicis
986 3399 1040 3451 399
1059 3399 1107 3451 exd

105 3471 227 3532 quantum
246 3470 333 3531 potest
347 3464 453 3516 Nouius
461 3481 488 3530 p.
499 3467 531 3517 17
541 3471 567 3515 ot
575 3467 608 3517 95
620 3467 723 3532 (potes),
741 3465 826 3516 attero
845 3467 903 3515 toea
921 3465 1107 3519 eoedormanda

105 3536 167 3583 bom
184 3537 304 3596 metamus]
322 3538 439 3585 exossata
453 3532 494 3585 tae
506 3534 573 3585 sieut
641 3536 691 3585 aba
709 3538 834 3600 artoptam
847 3533 971 3585 Plautum
983 3536 1016 3584 in
1026 3537 1107 3589 Auta

104 3604 169 3650 sisse
185 3595 286 3666 ‘magna
305 3601 338 3653 ob
354 3600 379 3652 id
393 3602 583 3653 concertatione
595 3601 751 3652 eruditorum
766 3615 797 3652 an
810 3602 832 3652 is
844 3616 935 3652 versus
947 3606 1044 3667 poetae
1057 3605 1107 3656 siti

107 3668 552 3733 1¹1meosaradutltu.18,11,107
620 3672 669 3721 401
691 3675 717 3720 tu
734 3669 821 3731 istum]
839 3668 944 3720 *Stiebe
963 3673 990 3720 tu
1066 3676 1107 3726 40:

107 3734 221 3787 brionem
241 3737 270 3793 11,
288 3736 446 3800 glabriorem
466 3738 509 3788 DJ
522 3739 602 3800 (reete
618 3736 733 3800 Nonius)
793 3736 870 3788 lidius
888 3743 929 3788 est
946 3738 971 3798 J,
989 3738 1083 3807 lidyus
1101 3757 1107 3792 v

106 3800 201 3867 lpdyus
219 3808 259 3855 eat
275 3804 299 3854 B
393 3808 537 3859 susteneo
555 3805 621 3855 iutro
639 3820 671 3856 ne
690 3803 752 3870 quid
769 3804 811 3856 bie
829 3804 918 3856 turbae
936 3803 983 3856 fiat
1000 3806 1107 3859 Nortiae

107 3867 206 3920 turbam
221 3886 273 3935 pro
292 3872 372 3924 turbis
390 3877 511 3938 testatam)
579 3871 686 3933 *interm
705 3869 741 3931 ef.
759 3873 796 3923 ad
812 3873 909 3925 Boeeb.
927 3873 979 3925 907
1053 3875 1101 3929 fiat

541 3991 655 4001 -υ
687 3991 744 4000 ..—
