2594 4576
329 982 837 1084 PROLOGVS

398 1257 402 1346 ἶ
469 1269 736 1333 Muacvnlvs

149 1421 187 1482 Vt
207 1438 260 1484 vos
282 1421 313 1482 in
335 1422 442 1484 vestris
462 1422 549 1485 voltis
570 1422 772 1485 mercimoniis

57 1507 200 1570 emundis
221 1507 448 1586 vendundisque
469 1526 517 1568 me
538 1506 648 1568 laetum
669 1507 760 1570 lucris

58 1593 190 1655 adficere
212 1602 301 1670 atque
322 1592 459 1654 adiuvare
481 1593 512 1654 in
535 1592 626 1654 rebus
649 1592 798 1669 omnibus,
824 1653 826 1658 .

58 1686 92 1740 et
113 1684 148 1738 ut
169 1695 218 1738 res
239 1677 432 1756 rationesque
453 1685 624 1739 vostrorum
647 1677 780 1738 omnium

55 1762 140 1824 bene
163 1761 301 1841 expedire
322 1761 408 1824 voltis
429 1762 608 1843 peregrique
631 1770 660 1823 et
682 1761 773 1836 demi,

55 1847 204 1925 bonoque
227 1855 316 1926 atque
338 1847 436 1928 amplo
457 1855 577 1908 auctare
599 1856 745 1929 perpetuo
768 1847 851 1909 luero

58 1949 196 2011 quasque
217 1931 370 2013 incepistis
392 1949 441 1993 res
464 1950 597 2012 quasque
618 1931 817 2014 inceptabitiS,

59 2019 158 2079 etuti
180 2015 268 2078 bonis
288 2035 341 2078 ros
361 2025 538 2162 vostrosque
561 2017 658 2079 omnis
679 2018 794 2080 nuntiis

58 2119 109 2163 me
132 2101 258 2163 adficere
279 2101 375 2178 voltis,
398 2120 432 2163 ea
454 2102 490 2163 ad
504 2120 595 2177 eram,
618 2120 652 2163 ea
675 2102 719 2163 nti
741 2103 877 2165 nuntiem

59 2204 139 2266 qnae
160 2204 297 2248 maxume
319 2187 351 2247 in
372 2204 437 2248 rem
458 2195 588 2249 vostram
611 2204 800 2248 communem
821 2187 900 2248 sient
1109 2198 1138 2248 10

58 2273 144 2348 (nam
165 2289 218 2333 vos
239 2271 359 2351 quidem
380 2272 411 2332 id
432 2271 491 2332 iam
511 2271 593 2334 seitis
615 2289 791 2334 eoncessum
814 2279 843 2332 et
865 2272 966 2335 datum

60 2356 102 2417 mi
127 2374 191 2418 esse
213 2355 250 2417 ab
272 2356 317 2418 dis
340 2356 420 2431 aliis.
435 2355 549 2418 nuntiis
570 2356 698 2437 praesim
722 2365 752 2418 et
771 2356 882 2432 lucrm:

60 2441 137 2501 haee
159 2448 193 2501 ut
215 2458 262 2502 me
282 2441 368 2502 voltis
390 2439 556 2522 adprobare
579 2440 716 2516 adnitier‚

59 2525 180 2586 lucrum
201 2533 235 2586 nt
255 2543 389 2605 perenne
410 2526 494 2587 vobis
516 2544 635 2605 semper
656 2533 810 2607 suppetat:

59 2610 102 2671 ita
123 2609 195 2670 huie
216 2610 330 2672 iacietis
351 2610 469 2672 fabulae
491 2610 642 2672 silentium

59 2695 162 2773 itaque
185 2694 271 2774 aequi
294 2703 323 2755 et
344 2691 414 2757 iusti
434 2695 484 2777 hie
506 2695 588 2757 eritis
610 2713 715 2757 omnes
738 2693 850 2756 arbitri.

147 2779 236 2841 Nunc
259 2778 375 2858 quoius'
388 2779 472 2842 iussu
493 2780 581 2842 venio
604 2788 634 2840 et
654 2797 744 2859 quam
767 2779 805 2840 ob
828 2797 891 2841 rem
912 2778 1046 2843 venerim

60 2864 158 2927 dicam
181 2864 327 2944 simulque
349 2864 414 2945 ipse
437 2864 692 2945 eloquar'nomen
714 2882 823 2926 meum.

59 2949 139 3011 levis
160 2949 242 3011 iussu
264 2949 368 3023 venin;
391 2950 502 3011 nomen
525 2950 702 3013 Mercuriost
723 2948 805 3010 mihi.

59 3042 148 3115 pater
168 3034 227 3095 hnc
248 3052 296 3094 me
318 3034 399 3096 misit
413 3034 457 3095 'ad
479 3054 531 3097 vos
553 3041 670 3096 oratum
693 3053 787 3109 meus,

60 3123 179 3180 tametsi
201 3137 256 3199 pro
279 3118 411 3198 imperio,
426 3118 510 3181 vobis
533 3120 613 3199 quod
635 3119 744 3180 dietum
766 3120 845 3180 ieret

60 3204 157 3266 seibat
179 3205 320 3278 facturos,
344 3204 455 3285 quippe
478 3204 529 3283 qui
550 3203 735 3266 intellexerat

59 3288 158 3350 vereri
180 3307 231 3351 vos
254 3307 286 3349 se
309 3297 339 3350 et
359 3289 503 3363 metuere,
526 3289 566 3350 ita
588 3297 622 3349 nt
643 3295 797 3367 aequomst
818 3284 932 3362 Iovem3
1001 3284 1003 3288 ’

59 3392 166 3437 verum
188 3374 323 3454 proiecto
345 3373 404 3443 hee
425 3381 527 3455 petere
549 3393 597 3435 me
618 3373 753 3455 precario

61 3477 78 3518 a
99 3458 184 3522 vehis
205 3459 291 3521 iussit
311 3458 420 3521 leniter
441 3458 526 3521 dietis
548 3458 645 3520 honis.
1109 3461 1138 3513 ²5

149 3689 282 3729 rnoueavs
300 3693 352 3729 orn.
370 3676 446 3729 codd.
528 3676 662 3743 prologus
678 3676 770 3727 multis
786 3674 934 3727 mulierum
947 3669 1139 3725 addiimentis

10 3746 12 3753 '
62 3749 162 3797 auem
174 3749 201 3797 et
210 3747 368 3796 immutatam.
403 3747 488 3796 inesse
503 3761 571 3811 quae
583 3745 674 3797 Phrati
692 3748 812 3809 tempora
831 3741 963 3793 excedant
978 3739 1070 3791 donet
1081 3737 1138 3791 Rit-

60 3813 179 3866 senories
192 3827 303 3879 par-erg.
320 3829 347 3879 p.
364 3811 463 3878 212sq.
551 3816 566 3865 5
585 3826 742 3879 peregreque
760 3810 804 3873 1³²,
822 3808 1006 3877 peregrinaque
1022 3807 1061 3861 θ’

10 3886 15 3943 ξ
62 3885 78 3935 9
96 3886 126 3934 ut
137 3880 202 3945 Bm
220 3883 428 3933 emutmntiem’e
447 3883 527 3932 etiam
539 3882 635 3933 Plauto
645 3878 832 3945 frequentatae
843 3881 873 3928 in
885 3878 936 3927 hae
946 3874 1041 3937 fabula
1050 3891 1138 3928 wem·

10 3950 16 4007 i
58 3951 137 4017 plum
155 3965 179 4003 n.
198 3949 250 4002 842
328 3951 360 4004 14
377 3953 483 4016 ruperat
499 3950 524 4001 Ε
604 3950 635 4004 19
653 3947 772 4001 mercurii
789 3951 829 3998 est
846 3944 903 4010 Bu,
920 3945 1028 3998 mercuri
1046 3949 1086 3998 est
1103 3944 1138 4007 D,

60 4035 168 4074 eorm
