2594 4576
145 780 259 842 Vlixem
275 779 371 841 audivi
385 781 476 842 luisse
492 785 805 855 eerumuostssumum,

142 865 196 945 qui
210 864 297 926 anuis
312 864 414 945 viginti
430 883 534 927 emaus
547 883 564 926 e
579 866 673 944 patria
688 865 775 940 ciuit3

142 968 247 1012 verum
261 950 310 1011 hic
324 949 498 1012 adulescens
513 950 605 1011 mullo
623 949 735 1011 Vlixem
750 949 863 1025 antidit,

144 1035 197 1115 qui
210 1035 277 1097 ilico
294 1042 373 1097 erret
388 1034 467 1096 intre
481 1053 583 1097 muros
598 1034 715 1098 civicos.

87 1169 191 1248 {uibus
202 1169 356 1249 ingenium
366 1169 396 1230 iu
409 1169 508 1231 inimo
526 1168 665 1244 utibilest,
680 1170 830 1233 midicum
842 1178 872 1231 et
881 1168 1118 1232 sincvcrntlitate
1140 1181 1155 1231 i

304 1303 411 1378 vtucle,
426 1303 535 1384 virgei,
551 1304 662 1380 molee3
682 1301 688 1388 Ι
707 1303 857 1366 seivitudo
874 1304 949 1365 mila
964 1305 997 1366 fit
1011 1304 1097 1385 peior
1112 1338 1155 1350 -

236 1443 311 1517 quai
327 1438 456 1501 sodalem
470 1443 559 1518 itque
574 1458 621 1501 me
636 1440 782 1503 exercitos
795 1439 884 1502 hebet

231 1573 379 1636 latronem
394 1579 477 1635 sulm
493 1574 544 1654 qui
559 1591 632 1635 auro
647 1579 736 1635 vitem
754 1571 761 1656 Ι
779 1573 908 1636 vinditat
1126 1583 1155 1636 to

146 1709 207 1770 scii
222 1708 359 1789 spiritum
374 1709 438 1771 iius
453 1708 594 1771 meibrem
609 1728 673 1771 esse
689 1709 782 1771 multo

143 1811 232 1872 quam
247 1793 332 1855 iblles
346 1794 456 1855 taurini
471 1794 604 1869 helittnt,
620 1812 710 1873 quom
726 1794 895 1874 liquescunt

146 1939 197 1994 ‘De
205 1944 370 1995 daeeiidum
379 1945 521 1996 Plautinae
528 1948 738 1997 rectractatione
746 1938 878 1997 scaeniea'
891 1948 1006 2010 morunt
1018 1942 1047 1996 G.
1053 1944 1155 1996 Brach-

87 2017 194 2077 Mnnm
212 2012 320 2078 Lipeiae
339 2011 406 2065 1880
425 2015 483 2078 (qui
500 2014 533 2065 de
550 2014 574 2065 A
591 2014 737 2064 secundum
753 2013 901 2078 Laeuium,
922 2011 954 2063 de
970 2011 994 2062 B
1011 2012 1156 2063 secundum

87 2072 224 2131 buencum
241 2080 348 2131 utiliter
364 2081 448 2132 multa
466 2082 581 2146 rettulit)
599 2085 625 2132 at
636 2081 669 2132 li.
680 2081 851 2146 Anspacbius
861 2080 973 2131 Bonnae
985 2079 1060 2133 1882.
1107 2095 1156 2130 uo·

87 2153 141 2219 lim
163 2150 284 2199 rationes
305 2149 392 2199 sicubi
412 2150 496 2215 probo
521 2150 739 2201 commemorabo.
773 2146 895 2209 refutare
915 2148 1020 2198 studuit
1036 2149 1065 2198 P.
1120 2150 1157 2198 ei-

87 2222 133 2262 us
153 2215 278 2267 Berolini
296 2215 369 2269 1883.
456 2217 624 2284 deperditum
647 2232 707 2268 cum
723 2215 883 2267 Aululariae
904 2214 959 2278 line
975 2212 1086 2275 fabulae
1103 2217 1156 2266 ini·

87 2289 149 2333 um
166 2283 213 2345 (of.
227 2282 384 2334 liitrebalius
393 2285 617 2350 parerg.391so.)
636 2301 670 2335 ecc
686 2282 849 2350 fragmentis
865 2285 907 2334 ita
924 2285 1089 2334 instauravit
1099 2281 1157 2334 liit-

87 2344 195 2402 bouus
212 2366 254 2415 op.
267 2352 297 2402 H
305 2350 407 2417 292sq.,
424 2358 457 2404 ut
473 2353 636 2405 dubitationi
650 2367 787 2418 perpauca
800 2351 948 2416 reliquerit.
979 2350 1156 2402 dictitantium

87 2416 170 2470 ‘lem
187 2419 295 2470 uidetur
312 2421 348 2485 (ot
363 2422 474 2485 negauit
490 2421 642 2486 Vasingius)
660 2435 725 2472 num
742 2423 772 2471 in
788 2435 885 2471 scama
902 2422 966 2470 ante
982 2434 1007 2471 υ.
1019 2418 1072 2472 842
1084 2418 1156 2471 Cleo·

87 2488 191 2538 acius
213 2489 410 2553 comparuerin-
431 2489 576 2541 identidem
596 2489 701 2541 scilicet
718 2479 880 2540 ‘uenturum‘
907 2501 967 2538 eum
990 2502 1044 2538 essa
1065 2487 1109 2552 (47
1116 2503 1155 2552 sq.

87 2543 157 2620 ’'⁸q.
177 2555 218 2608 76.
235 2554 304 2620 222),
321 2570 453 2621 nusquam
468 2551 641 2608 ‘rediturum’
667 2557 800 2608 audimus.
840 2571 925 2621 quaro
946 2557 976 2605 in
998 2555 1157 2607 ordinandis

87 2625 243 2683 “emunim
258 2623 400 2688 paululum
418 2640 435 2675 a
447 2623 587 2676 Bitsebolii
604 2626 722 2692 occmnplo
734 2624 909 2676 recedendum
926 2627 992 2674 erat.
1061 2621 1070 2672 1
1089 2622 1157 2674 Oba·

87 2686 162 2742 'ius
179 2691 229 2744 201
244 2686 317 2743 ‘ilico
335 2691 425 2756 proin
443 2691 501 2745 loco
519 2691 557 2745 ΡΙ.
576 2693 601 2744 in
620 2687 656 2744 B?
761 2692 875 2743 Baecbis
896 2691 1017 2756 loquitur
1035 2691 1157 2742 Pistocle-

87 2762 137 2806 'm
157 2761 338 2826 conspiciens,
361 2761 439 2810 cuius
461 2761 556 2812 deinde
578 2776 613 2811 en
636 2775 740 2811 recessu
764 2762 900 2810 canticum
917 2761 1071 2822 aucupatur

98 2825 211 2894 viginti
235 2826 308 2878 eunte
331 2826 446 2878 balbius
549 2827 701 2880 3Vlixeum
725 2827 904 2878 Buecbolcrus
925 2825 962 2879 M.
978 2824 1027 2877 lib.
1047 2827 1087 2892 15,
1105 2826 1156 2879 439

87 2888 162 2946 nteit
229 2891 266 2955 ef.
278 2893 411 2946 Luebsius
429 2911 521 2948 comm.
539 2912 611 2962 pros.
624 2897 668 2948 15
737 2895 831 2958 unic]
849 2893 909 2945 ilico
927 2891 1087 2945 Ritscbelius

98 2955 257 3014 Cianum
273 2961 325 3014 206
342 2963 465 3026 (modice)
479 2963 608 3030 ingenium
631 2964 647 3015 i.
666 2979 689 3015 a.
712 2962 804 3015 utibile
822 2961 895 3027 (utile
912 2960 961 3026 N0)
984 2967 1011 3014 et
1028 2960 1157 3015 modicum

87 3025 107 3070 *t
207 3029 315 3082 nonem
332 3030 384 3083 342
401 3030 550 3098 (modicum)
569 3032 662 3101 quibus
680 3033 754 3098 igeus
771 3031 821 3096 (sic
832 3032 894 3082 Por.
907 3029 983 3093 7667,
1001 3030 1075 3096 ignes
1087 3030 1156 3094 rell.)

87 3127 89 3132 ,
111 3099 211 3152 auimo
229 3097 320 3150 utibile
338 3099 420 3160 (bibile
437 3102 510 3165 Par.)
528 3105 576 3165 est,
594 3105 673 3154 met
691 3114 711 3152 s.
730 3113 754 3152 v.
824 3096 1046 3151 lllNonius172
1064 3097 1157 3161 (soevi-

87 3154 155 3248 ido)
223 3167 256 3218 de
272 3182 364 3219 amora
381 3167 613 3234 dietumfflitselc)
681 3166 715 3219 lV
735 3166 872 3220 Obarisius
882 3165 934 3219 229
952 3168 1039 3232 (etque
1057 3180 1103 3231 pro
1121 3168 1156 3230 et)

87 3236 186 3307 ‚wius
203 3235 220 3285 6
238 3235 397 3300 (exercitum)
476 3250 542 3303 quae
559 3253 594 3289 se.
612 3237 726 3288 liaconis
743 3235 828 3286 attera
846 3233 964 3298 (liitseb.)
1037 3233 1156 3285 exercitis

87 3290 162 3365 (tar.
230 3301 254 3352 V
272 3302 383 3354 Servius
394 3305 464 3356 Dan.
483 3306 512 3354 in
525 3303 669 3366 Aen.12‚7
685 3297 763 3356 ‘idem
781 3303 806 3354 in
825 3302 854 3354 B.
873 3304 1008 3355 exsecutus
1027 3304 1067 3352 est
1084 3299 1156 3368 (quid

87 3367 129 3413 ’Μ
151 3371 274 3436 latrones)
293 3371 400 3424 militem
418 3371 543 3424 latronem
561 3370 658 3437 dicens,
676 3386 748 3424 suem
767 3371 812 3438 qui
824 3385 847 3422 a.
857 3386 881 3422 v.
891 3365 923 3421 v?
994 3369 1157 3420 Pistoclerus
1175 3375 1178 3378 ’

87 3421 211 3490 ‘tectim
227 3445 327 3491 narrat
342 3441 440 3491 uidisse
456 3456 497 3506 se,
520 3442 550 3491 in
567 3441 662 3491 Piraeo
679 3445 747 3505 puta
765 3440 947 3499 aduenientes,
967 3436 1079 3487 militem
1097 3452 1157 3488 curn

87 3503 170 3559 'velta
187 3507 319 3559 Bacchidi
338 3508 475 3558 simillima
494 3507 567 3574 (VII)
636 3505 668 3559 Vl
685 3508 740 3560 scio
758 3536 791 3546 -
809 3505 926 3559 halitent.
958 3503 1156 3557 Praenestinum

87 3574 256 3646 *gloriosus
274 3578 391 3628 seruauit
403 3577 538 3628 Prisciani
555 3577 767 3628 additamentum
779 3574 851 3626 1575
870 3567 930 3639 (ῬΙ.
943 3571 985 3624 hic
998 3573 1068 3624 cuius
1080 3571 1156 3624 huius

87 3639 174 3694 beistis
192 3642 332 3695 declinavit
347 3645 373 3695 in
387 3641 446 3707 B.’);
465 3642 598 3697 Praen-
609 3646 672 3712 glor.
690 3646 755 3694 item
767 3641 872 3695 Nonius
884 3641 935 3693 474
951 3639 1061 3707 (opin0);
1080 3655 1156 3707 quem

87 3691 159 3763 [blico
178 3739 208 3748 -
227 3710 271 3762 ubi
290 3708 320 3762 fit
337 3712 528 3779 Pbibergyrius
544 3716 574 3764 in
588 3728 683 3779 georg.
702 3712 786 3776 4,171
804 3708 848 3773 (cf.
869 3725 938 3775 quae
955 3725 990 3759 eac
1008 3708 1083 3763 codd.
1096 3708 1157 3760 Lei-

87 3763 206 3830 domium
223 3777 317 3831 Servio
336 3780 442 3832 addidit
458 3781 653 3847 Burmannus);
673 3781 821 3845 composuit
836 3775 997 3829 Iiitecbelius
1081 3779 1112 3830 11
1133 3777 1156 3829 ei

87 3830 199 3899 Donat.
268 3846 348 3899 multe
367 3848 481 3901 Vindob.
552 3852 583 3904 12
601 3848 898 3909 huliteut'Hermonncs]
916 3845 1027 3897 habeant
1042 3845 1158 3897 Priscia-

87 3913 254 3980 'insiliebant
272 3915 366 3984 Halb.),
386 3919 480 3971 hubent
496 3917 615 3984 Pbilorg.
634 3917 708 3970 Serv.

136 3999 230 4046 eunus
240 3999 258 4040 1.
934 4001 950 4050 9
