2594 4576
181 253 200 313 6
286 248 294 262 ⁸
658 253 779 307 PLAVTI
1117 277 1174 327 prol.
1183 276 1263 320 aaut

180 427 291 488 etenim
313 425 371 502 illc,
394 426 501 505 quoius
522 427 581 489 huc
603 426 686 488 iussu
708 427 805 502 venio,
828 426 962 507 luppiter

180 530 242 573 non
266 511 365 573 minus
387 529 476 591 quam
497 519 630 573 vostrum
653 511 746 590 quivis
769 511 906 574 formidat
927 513 1052 575 malum:

179 597 308 658 humana
328 604 422 659 matre
444 604 541 672 natus,
563 597 693 658 humano
716 605 799 678 patre

180 682 281 743 mirari
302 700 364 743 non
387 689 432 743 est
453 699 588 761 aequom,
611 681 668 743 sibi
689 682 714 743 si
736 682 900 761 praetimet.

179 775 268 846 atque
291 785 346 846 ego
369 785 488 845 quoque
511 767 607 839 etiam,
631 766 682 846 qni
704 766 780 828 lovis
802 785 867 828 sum
889 768 977 843 filisa,

180 851 359 930 contagione
380 851 439 912 mei
460 851 553 931 patris
575 860 675 913 metuo
697 850 817 912 malum.

180 943 340 1016 propterea
361 953 434 1016 pace
457 936 580 999 advenio
604 943 634 997 et
653 953 757 1017 pacem
780 936 815 997 ad
837 954 888 997 vos
910 937 985 997 iero.

178 1020 285 1082 iustam
307 1039 372 1082 rem
395 1030 424 1082 et
444 1019 560 1083 facilem
583 1039 647 1082 esse
670 1027 780 1082 oratam
802 1040 819 1081 a
841 1019 924 1083 vobis
944 1021 1020 1096 volo,

178 1123 248 1167 nam
269 1106 345 1168 iusta
367 1105 404 1168 ab
426 1106 511 1168 iustis
533 1106 627 1168 iustus
648 1124 714 1167 sum
738 1113 838 1168 orator
859 1106 953 1167 datus

180 1192 261 1268 (nam
284 1190 392 1253 iniusta
414 1190 451 1251 ab
473 1191 557 1253 iustis
579 1190 733 1269 impetrari
755 1209 817 1252 non
841 1190 934 1265 decet,

179 1274 255 1336 iusta
276 1280 374 1337 autem
398 1275 434 1336 ab
457 1275 574 1337 iniustis
596 1283 697 1356 petere
719 1274 932 1355 insipientiast;

180 1359 290 1440 quippe
311 1359 354 1421 itti
374 1360 471 1439 iniqui
492 1361 539 1422 ius
560 1361 702 1439 ignorant
724 1379 821 1440 neque
843 1364 968 1438 tenent).

179 1462 261 1506 nunc
284 1444 342 1505 iam
363 1445 423 1507 huc
445 1445 577 1507 animum
600 1464 704 1507 omnes
726 1464 801 1524 quae
823 1445 929 1524 loquar
950 1443 1101 1507 advortite.

180 1527 292 1590 debetis
314 1529 387 1591 velle
410 1549 485 1609 quae
507 1530 647 1593 velimus:
671 1531 833 1592 meruimus

180 1621 210 1674 et
232 1633 286 1696 ego
311 1622 341 1676 et
361 1622 446 1694 pater
468 1616 504 1677 de
526 1615 609 1676 vobis
631 1624 661 1676 et
682 1635 714 1676 re
736 1615 871 1695 publica;

178 1716 249 1760 nam
272 1699 342 1779 quid
365 1717 420 1780 ego
442 1717 604 1762 memorem
625 1703 671 1778 (ut
693 1700 765 1762 alios
786 1701 817 1761 in
840 1699 999 1779 tragoediis

177 1783 246 1858 vidi,
268 1784 439 1865 Neptunum
463 1786 606 1847 Virtutem
629 1785 788 1846 Victoriam

178 1868 302 1930 llartem
323 1869 485 1943 Bellonam,
508 1887 740 1930 commemorare
762 1886 837 1948 quae
859 1868 939 1929 bona

177 1952 261 2015 vobis
282 1954 434 2031 fecissent)
458 1954 523 2032 quis
545 1953 623 2015 bene
645 1954 729 2015 lactis
750 1972 835 2014 meus
857 1962 950 2034 pater,

177 2038 303 2100 deorum
324 2046 475 2117 regnator,
497 2039 689 2100 architectust
710 2035 871 2100 omnibus?

179 2122 231 2185 sed
253 2128 317 2186 mos
339 2141 501 2204 numquam
524 2123 565 2185 illi
588 2124 643 2187 tait
664 2125 740 2205 patri
763 2142 830 2185 meo
853 2123 994 2202 [scilicetl

180 2216 214 2269 ut
236 2208 430 2289 exprobraret
451 2209 531 2289 quod
554 2209 642 2272 honis
663 2211 775 2272 laceret
796 2209 886 2284 boni;

178 2302 296 2372 gratum
318 2293 478 2355 arbitratur
500 2313 564 2356 csse
585 2295 615 2355 id
637 2313 653 2355 a
675 2294 758 2356 vobis
780 2293 837 2355 sibi

178 2379 347 2457 meritoque
368 2378 451 2439 vobis
472 2378 552 2439 bona
574 2396 606 2439 se
628 2380 726 2439 lacere
748 2395 824 2456 quae
847 2377 924 2438 lacit.

262 2462 350 2523 Nunc
373 2480 461 2541 quam
482 2480 546 2524 rem
568 2470 683 2524 oratum
704 2463 763 2523 huc
785 2461 853 2523 veni
875 2460 1004 2540 primum
1026 2459 1200 2541 proloquar,
1228 2472 1257 2522 50

178 2555 248 2627 post
268 2554 478 2626 argumentum
499 2546 589 2608 huius
611 2546 733 2625 eloquar
754 2545 930 2626 tragoediae.

179 2631 249 2711 quid
272 2631 459 2693 contraxistis
480 2629 632 2692 frontem?
655 2632 724 2710 quia
744 2631 924 2710 tragoediam

178 2715 238 2777 dixi
260 2717 388 2778 laturam
411 2713 511 2778 hanc?
533 2716 605 2777 dens
630 2734 705 2790 sum,
729 2724 956 2778 commutavero.

179 2801 304 2862 eandem
326 2801 414 2875 hanc,
437 2800 461 2862 si
484 2800 578 2877 voltis,
601 2801 706 2862 laciam
729 2801 935 2879 extragoedia

178 2886 330 2947 comoedia
352 2894 385 2947 ut
406 2886 445 2948 sit
466 2885 605 2948 omnibus
626 2885 719 2948 isdem
742 2886 886 2948 vorsibus.

178 2978 280 3031 utrum
302 2971 340 3033 sit
361 2988 399 3031 an
422 2990 483 3033 non
506 2969 615 3032 voltis?
637 2971 687 3034 sed
711 2989 766 3050 ego
789 2971 914 3046 stultior,

179 3056 263 3133 quasi
285 3055 416 3118 nesciam
437 3073 489 3118 vos
511 3056 594 3131 vello,
617 3057 668 3135 qui
692 3056 773 3118 divos
795 3056 877 3118 siem.

178 3146 268 3201 teneo
291 3140 363 3220 quid
384 3139 474 3203 animi
495 3141 587 3202 vostri
607 3160 699 3222 super
719 3142 775 3203 hac
797 3159 829 3202 re
852 3139 920 3202 siet:

178 3224 283 3286 faciam
304 3234 339 3286 ut
361 3226 518 3288 commixta
539 3226 592 3288 sit:
617 3226 675 3305 [sit]
697 3224 933 3308 tragicomoedia.

265 3393 298 3444 26
315 3390 358 3443 hic
374 3390 412 3443 Β1
480 3393 713 3459 dlpace1pacem
730 3391 755 3443 ll
827 3389 904 3443 allero
924 3390 1008 3457 codd,
1027 3405 1096 3442 corr.
1114 3389 1257 3443 Acidaliae

181 3460 215 3511 34
232 3460 300 3513 iusta
315 3460 439 3524 Botdius]
457 3458 525 3511 inste
610 3462 643 3513 36
661 3463 775 3527 peterent
792 3458 938 3525 insipientia
959 3459 987 3511 0.
1004 3459 1177 3524 Bragmanae

182 3528 214 3579 3⁸1
232 3527 272 3580 illi
288 3528 324 3592 D]
342 3527 406 3580 nulli
422 3527 447 3579 B
464 3527 566 3579 inillild
652 3531 684 3582 38
702 3528 752 3580 iam
770 3528 819 3580 del.
832 3527 1019 3580 Flecteiaonus
1105 3529 1255 3593 omnes1ad

181 3609 212 3646 ea
229 3596 255 3646 u
339 3598 372 3649 40
390 3594 493 3661 puplica
510 3594 550 3646 11¹
643 3599 674 3648 41
695 3600 724 3648 ut
740 3624 775 3634 —
793 3599 826 3649 44
844 3595 966 3648 iecissent
982 3596 1096 3645 recrevit
1114 3596 1256 3663 Vasingtua

180 3663 213 3714 45
229 3663 383 3716 architectus
398 3663 484 3728 codd„
498 3678 568 3718 corr.
583 3666 684 3716 Parcus
756 3666 790 3716 46
805 3664 953 3727 *[scilicet];
970 3663 1024 3730 [qui
1041 3662 1082 3715 lric
1098 3662 1192 3729 placet]
1208 3667 1256 3720 LG

180 3732 212 3781 dt
232 3731 425 3795 exprobaretB
505 3733 537 3785 49
556 3731 617 3784 lecit
633 3733 708 3783 BDld
785 3735 818 3785 50
836 3747 912 3800 quam
930 3732 964 3783 ob
982 3729 1089 3782 10me
1167 3736 1200 3786 54
1218 3735 1257 3787 la·

181 3797 245 3848 ciam
264 3798 333 3862 [iam]
351 3800 540 3851 Lachmannua
634 3815 665 3852 ex
683 3815 735 3852 om.
754 3800 792 3850 l)a
882 3803 914 3853 55
933 3798 1092 3852 commoedia
1109 3800 1166 3868 ΒΕ,
1184 3817 1254 3854 com·

179 3865 307 3918 moediam
324 3866 350 3915 D
433 3868 516 3920 omnis
533 3868 550 3921 i.
569 3883 594 3919 v.
611 3867 764 3934 Muellerus,
783 3868 917 3921 *omnibus
935 3868 989 3919 suis
1007 3882 1031 3919 v.
1117 3871 1151 3922 56
1168 3869 1202 3921 sit
1220 3871 1252 3934 ll]

180 3931 212 3985 fit
221 3934 278 4054 6131)
365 3937 396 3988 59
415 3936 483 3999 *[sit]
566 3936 664 4003 tragico
683 3934 815 3989 comoedia
832 3937 889 4000 BD,
907 3933 1121 3988 traicocomoedia
1140 3938 1172 4003 Ε,
1190 3940 1254 3990 item

179 4016 203 4053 v.
