2594 4576
140 233 200 293 150
617 225 737 279 PLAVTI
1067 243 1213 293 mar-cu

137 405 351 469 Mnesilochum
373 410 406 464 ut
428 401 577 497 requiram
599 409 688 478 atque
712 408 744 460 ut
760 417 828 460 eum
843 417 964 460 mecum
979 400 1019 460 ad
1036 407 1068 460 13
1083 401 1209 463 adducam

138 595 206 638 nam
221 574 292 636 iliud
309 573 424 634 animus
439 485 670 644 medimddatuu
686 570 711 631 si
726 587 742 629 3
758 587 805 629 me
820 567 915 647 tetigit
932 569 1075 643 nuntius,

138 660 209 741 quid
224 666 399 720 remoretur.
429 657 479 717 ibo
495 665 527 717 ut
541 655 631 717 visam
646 655 706 716 buc
720 653 754 714 ad
771 671 849 728 eum,
866 653 890 714 si
906 654 1016 714 1311331
1033 653 1123 715 domi.

138 747 229 808 Mnus.
252 743 376 805 Reddidi
388 743 463 822 patri
475 760 563 802 omne
575 757 689 802 aurum.
714 757 797 800 nunc
809 756 863 817 ego
876 737 957 798 iilam
970 757 1020 799 me
1033 739 1121 800 veiim
1151 740 1208 804 ult

138 831 308 904 convenire,
324 836 480 908 postquam
496 827 593 888 inanis
607 842 683 899 sum,
699 823 946 902 contemptricem
962 842 1073 884 meam.
1175 834 1208 885 111

137 917 188 977 sed
204 916 320 976 veniam
334 913 404 973 mibi
420 929 508 991 quam
524 920 641 990 gravate
656 914 740 990 pater·
755 908 835 970 dedit
850 908 885 969 de
901 907 1047 989 Chrysalo
1053 928 1062 985 ;

137 1019 240 1062 verum
255 1006 404 1078 postremo
420 996 582 1076 impetravi,
599 1004 685 1058 utne
701 994 771 1072 quid
788 994 814 1054 ei
829 1001 1014 1054 suscenseat.

138 1087 215 1147 Prsr.
245 1084 336 1145 Estne
358 1083 406 1143 bic
429 1101 512 1142 meus
534 1078 661 1142 33131131
704 1080 796 1140 Mnus.
828 1078 919 1139 Estne
936 1078 987 1139 bic
1003 1079 1112 1155 hostis,
1135 1099 1208 1159 quem

493 1166 613 1246 aspicio,
630 1162 734 1225 meus?

138 1256 214 1317 Prsr.
238 1252 323 1314 Certe
334 1252 359 1314 is
371 1261 423 1314 cst.
454 1251 545 1312 Mnus.
569 1250 597 1312 is
608 1259 661 1311 331.
692 1249 769 1310 Ρ131.
792 1246 886 1308 Adibo
899 1257 1008 1310 contra
1021 1258 1054 1312 31
1064 1253 1210 1314 contollam

494 1337 626 1415 gradum.
1176 1348 1211 1398 111

137 1424 231 1486 331133
246 1423 295 1496 sis,
311 1421 501 1482 Mnesiloche.
533 1421 623 1481 Mnus.
647 1420 739 1482 Salve.
770 1420 846 1480 Ρ131.
870 1419 972 1483 831133
985 1440 1082 1500 quom
1098 1441 1210 1504 peregre

495 1506 622 1580 advenis,

138 1611 211 1655 cena
226 1592 321 1654 detur.
351 1591 442 1652 Mons.
465 1591 530 1652 Non
547 1591 643 1670 placet
658 1590 697 1650 mi
713 1608 787 1651 cena
803 1609 878 1670 quae
893 1588 985 1651 bilem
1003 1603 1117 1656 movet.

137 1678 215 1740 Prsr.
243 1678 319 1738 Num
342 1695 417 1755 quae
440 1675 605 1737 advenienti
627 1676 780 1755 aegritudo
796 1673 960 1737 obiectast?
999 1676 1097 1742 Mures.
1127 1682 1211 1760 Atque

494 1761 656 1822 acerruma.

137 1848 213 1909 Prsr.
238 1844 342 1907 Vnde?
371 1847 462 1908 Mures.
485 1846 529 1906 Ab
546 1846 666 1907 bomine
681 1865 769 1925 quem
782 1846 822 1906 mi
834 1845 960 1907 amicum
977 1864 1045 1909 3333
1059 1849 1210 1912 arbitratus

493 1951 558 1994 sum
573 1932 719 1992 antidbao.

136 2017 213 2078 Prsr.
229 2015 312 2076 Multi
324 2033 406 2077 more
417 2016 474 2078 isto
485 2025 574 2095 atque
586 2016 835 2096 exemplovivont,
848 2035 923 2101 quos
935 2036 1028 2095 quom
1042 2037 1164 2083 censeas
1173 2029 1209 2081 au

136 2120 200 2163 3333
216 2101 335 2176 amicos,
351 2101 542 2180 reperiuntur
557 2102 621 2163 13131
637 2100 818 2174 salomoniis,

136 2186 236 2267 lingua
251 2186 375 2260 13311331,
391 2187 502 2248 1331133
519 2206 618 2266 opera,
634 2186 763 2248 sublesta
777 2187 844 2247 fide.

137 2271 236 2333 nullus
252 2280 295 2333 331
311 2271 381 2350 quoi
398 2291 459 2332 non
475 2272 624 2333 invideant
640 2290 702 2332 rem
719 2272 879 2333 secundam
896 2271 1070 2351 optingere3

136 2356 191 2418 sibi
209 2376 246 2417 ne
262 2357 434 2430 invideatur,
450 2357 505 2436 ipsi
522 2357 635 2436 ignavia
651 2365 731 2418 13313
746 2365 858 2417 331331.

135 2441 226 2503 Μ1133.
251 2440 364 2520 Edepol
380 2459 418 2501 ne
433 2449 465 2501 tu
480 2441 596 2503 iliorum
614 2461 710 2503 mores
725 2460 868 2521 perquam
885 2441 1023 2503 meditate
1039 2451 1136 2504 tenes.
1171 2453 1207 2504 111

135 2527 185 2587 sed
202 2526 289 2587 etiam
304 2543 397 2586 unum
414 2526 482 2586 boc:
499 2545 534 2586 ex
549 2528 669 2605 iugenio
684 2527 760 2587 malo
776 2526 885 2587 matum
900 2527 1059 2588 inveniunt
1076 2549 1146 2590 suo:

136 2610 209 2672 nulli
224 2611 309 2670 amici
324 2617 404 2683 sunt,
421 2610 557 2671 inimicos
572 2611 628 2691 ipsi
642 2612 673 2673 in
690 2631 754 2672 3333
771 2611 868 2673 omnis
882 2610 1011 2685 babent;

134 2703 221 2774 atque
238 2695 264 2755 ei
279 2713 311 2755 se
327 2712 417 2774 quom
433 2695 586 2769 frustrant,
602 2697 738 2758 frustrari
753 2697 825 2757 alios
840 2696 938 2758 stolidi
954 2697 1145 2759 existumant.

126 2780 212 2842 sicut
226 2788 270 2842 est
284 2780 341 2856 hic,
358 2799 447 2860 quem
463 2799 527 2842 3333
542 2780 669 2842 amicum
682 2789 762 2842 ratus
774 2790 938 2860 sumatque
951 2781 1033 2860 ipsus
1044 2801 1114 2844 sum
1127 2781 1206 2844 mibi:

220 2915 269 2965 521
288 2913 371 2981 adque
389 2916 414 2966 A
431 2914 551 2980 (dilectu)
637 2918 666 2966 ut
684 2929 733 2966 om.
751 2916 777 2964 A
794 2915 896 2981 (Gepp.)
980 2913 1090 2966 aduram
1109 2917 1145 2968 Ba

124 2983 185 3034 5528
204 2985 270 3044 uam]
290 2997 356 3032 nunc
373 2982 399 3032 A
469 2986 494 3034 te
513 2984 578 3049 tegit
595 2982 629 3034 Β1
705 2984 754 3034 529
773 2986 914 3034 remoretur
930 2983 964 3046 A]
983 2987 1128 3035 remoratur
1145 2981 1208 3035 BCE

77 3093 79 3098 .
134 3052 162 3102 ut
174 3051 207 3112 A]
226 3053 252 3100 31
264 3049 333 3109 BGD
402 3052 451 3103 530
469 3048 648 3102 Munsrnocurs
660 3065 829 3102 rrsroonnnvs
842 3065 1032 3102 nnonnsonurns
1045 3065 1098 3101 nvo
1112 3051 1143 3116 B,
1162 3067 1208 3103 om.

135 3116 180 3168 CD
248 3116 314 3184 patri
332 3117 401 3181 [1313]
421 3118 566 3169 Muellerus
584 3120 646 3171 add.
666 3118 846 3184 122„*aurum
864 3118 962 3170 reddidi
981 3119 1047 3185 patri
1066 3133 1144 3171 omne

134 3199 183 3250 ego
202 3201 252 3236 om.
270 3186 295 3236 A
381 3187 431 3238 535
450 3184 487 3236 Ρ1.
506 3186 582 3238 adibo
600 3187 749 3249 Acidaliae]
768 3185 845 3238 adibo
875 3212 877 3216 Α
927 3185 1066 3238 3331311313
1088 3187 1206 3238 Camera-

133 3257 200 3315 rius]
220 3252 308 3304 tollam
378 3254 428 3305 538
446 3267 576 3323 acerrume
594 3255 625 3320 B,
644 3269 774 3306 acerrume
794 3254 838 3306 CB
920 3256 969 3306 539
988 3254 1110 3318 amicum]
1131 3256 1207 3306 antia·

134 3336 191 3372 curn
209 3321 235 3370 I)
252 3327 278 3371 et
297 3321 444 3372 3131311.
515 3324 646 3375 540-551
669 3338 718 3374 am.
736 3323 769 3389 A,
789 3339 839 3389 qua
856 3325 974 3389 pertinet
992 3320 1112 3372 Charisii
1130 3324 1206 3374 adac-

134 3391 201 3440 tatio
220 3391 258 3454 (p.
276 3388 326 3440 205
345 3389 436 3439 adlato
454 3403 477 3439 υ.
496 3387 555 3453 5451
573 3384 607 3440 ‘iu
627 3389 779 3456 quibusdam
798 3406 849 3442 non
868 3381 973 3455 ierunt’,
992 3387 1028 3449 af.
1047 3389 1207 3441 8131131333-

126 3455 293 3521 1133131133.
310 3472 336 3521 p.
355 3455 396 3509 42.
430 3457 521 3521 potius
545 3459 770 3508 13331333331313
791 3462 851 3525 poet
869 3459 992 3510 Plautum
1010 3456 1114 3523 aliquis
1133 3473 1208 3523 quam

128 3523 379 3575 sadiacicecvtdetur
448 3524 636 3576 adoriuntur
706 3528 753 3579 541
774 3524 918 3590 1313141131]
936 3526 1007 3578 falsis
1078 3523 1208 3578 falsiano-

134 3592 182 3643 niis
201 3593 223 3643 B
293 3592 342 3643 542
361 3590 481 3643 subvestu
495 3592 564 3656 Bw,
584 3592 706 3644 subvecta
721 3593 748 3656 C,
766 3592 889 3644 subversa
902 3591 937 3644 Bb
1008 3594 1058 3645 543
1077 3595 1142 3660 quoi
1161 3609 1208 3645 nou

132 3658 264 3711 invideant
281 3658 382 3721 Dama]
400 3660 444 3725 qui
463 3675 513 3711 non
525 3660 639 3712 invideat
710 3663 759 3713 544
777 3661 879 3712 sibimet
895 3676 927 3712 ne
940 3663 1053 3712 Batitas
1124 3662 1208 3729 ignari

133 3727 218 3790 codd,
236 3743 307 3778 corr.
325 3726 493 3780 [1311333333
596 3729 645 3781 546
663 3732 821 3780 sententiam
845 3730 974 3779 diatinait
992 3729 1131 3782 Vattenas
1154 3729 1207 3782 iad.

132 3793 350 3859 3313118801).
369 3795 386 3847 8
466 3798 514 3850 548
533 3797 550 3848 11
568 3797 600 3864 B,
619 3796 644 3848 hi
662 3795 729 3860 W,
746 3796 788 3847 hic
808 3796 838 3848 0¹
917 3797 1040 3849 frustrant
1058 3797 1206 3860 Acaunum]

133 3863 286 3915 frustrantur
299 3861 351 3927 01),
370 3862 545 3917 frustanturB
614 3867 664 3917 549
683 3878 765 3930 aeque
783 3868 811 3916 ut
825 3865 896 3931 ipsus
908 3865 1102 3916 Fabrmaanae
1114 3866 1207 3917 Fleck-

133 3934 211 3983 31333.
221 3930 335 3994 33397,
345 3933 404 3994 847,
423 3947 504 4000 aeque
523 3933 578 4000 ipse
596 3936 625 3984 ut
641 3930 799 3984 Rtbbeclrtae
817 3933 891 3997 apud
901 3933 1122 3984 Brachmanorum
1139 3951 1166 4002 p.
1176 3932 1208 3986 92

132 3999 225 4068 (aeque
243 4002 380 4051 anteesse
398 4003 549 4052 1333333131
565 4000 711 4052 Muellerus
725 4015 798 4065 proc.
816 3998 877 4065 305)

315 4198 488 4304 Α
