2594 4576
212 234 252 294 78
691 231 811 284 PLAVTI
1139 249 1228 300 mnu.

213 408 284 469 dne.
315 406 393 478 Quid
414 403 519 466 nuno?
563 405 654 466 Leon.
690 404 768 476 Quid
789 403 855 466 estf
905 405 976 466 duc.
1013 405 1094 476 Quin
1116 407 1228 468 tradish

568 490 733 551 cruminam
748 497 913 569 pressatum
927 489 1088 552 umerum?

210 577 301 638 Leon.
325 576 419 651 Hanc,
435 576 506 654 quoi
516 574 649 637 daturu’s
659 575 746 649 hanc,
761 575 831 636 iube
846 583 948 655 petere
959 584 1049 654 atque
1061 594 1148 638 orare
1159 594 1228 638 meon

211 681 279 723 nam
293 663 370 724 istuc
384 661 542 742 proclivest
556 679 615 738 quo
631 659 716 722 iubes
730 679 779 721 me
794 661 883 740 plane
898 661 1066 722 conlocare.

209 747 292 808 Prin.
323 747 374 822 Da,
390 763 474 808 meus
490 745 609 819 ocellus,
625 764 690 806 mea
705 763 780 819 rosa,
796 746 836 806 mi
851 745 958 820 anime,
972 763 1040 806 mea
1054 747 1197 826 voluptas,

209 832 350 904 Leonida,
366 839 522 910 argentum
537 830 619 904 mihi,
635 849 674 892 ne
689 849 745 893 nos
760 831 881 911 diiunge
895 831 1031 892 amantis.

209 916 299 977 Leon.
330 916 384 977 Dic
399 933 447 976 me
461 916 551 995 igitur
566 925 648 975 tuom
664 916 875 995 passerculum,
891 915 1039 994 gallinam,
1056 917 1228 978 cotumieeu

209 1002 367 1080 agnellum,
384 1001 542 1061 haedillum
557 1017 605 1060 me
621 1007 705 1061 tuom
720 1000 766 1062 dic
783 1019 847 1062 esse
862 1001 908 1062 vel
923 1001 1064 1076 vitellum,

208 1085 361 1164 prehende
376 1086 525 1160 auriculis,
542 1103 679 1165 compara
693 1084 798 1146 labella
814 1104 883 1146 eum
897 1085 1020 1149 labellis.

207 1170 280 1232 Anu.
317 1171 380 1232 Ten
404 1171 569 1246 osculetur,
591 1168 739 1231 verbero?
789 1170 881 1232 Lnon.
918 1170 1013 1242 Quam
1036 1189 1106 1232 vero
1129 1170 1226 1249 indign

563 1253 706 1317 visumst?

207 1347 236 1401 at
252 1339 302 1417 qui
317 1340 367 1419 pol
381 1340 470 1401 hodie
487 1359 549 1400 non
564 1341 651 1413 feres,
670 1340 700 1400 ni
715 1358 812 1419 genua
829 1340 1041 1401 confricantur.

205 1425 278 1485 Ano.
310 1424 431 1496 Quidvis
446 1433 559 1505 egestas
574 1425 714 1505 imperat:
730 1424 885 1484 fricentur.
916 1426 972 1486 dan
989 1424 1069 1503 quod
1086 1421 1164 1485 orof

205 1509 287 1570 Pnu.
318 1511 390 1588 Age,
405 1510 445 1571 mi
461 1509 602 1583 Leonida,
619 1509 753 1584 obsecro,
769 1511 815 1570 fer
829 1510 938 1571 amanti
954 1528 1005 1571 ero
1021 1510 1158 1585 salutem,

206 1594 317 1656 redime
332 1595 408 1657 istoc
422 1594 568 1656 beneficio
586 1603 614 1656 te
626 1594 662 1656 ab
678 1595 744 1667 hoc,
761 1604 790 1656 et
805 1594 858 1654 tibi
874 1613 939 1656 eme
954 1595 1035 1656 hunc
1051 1595 1109 1656 isto
1126 1601 1227 1673 argent

206 1678 296 1741 Leon.
326 1680 419 1742 Nimis
434 1680 510 1742 bella
525 1699 557 1742 es
571 1690 660 1759 atque
672 1678 814 1753 amabilia,
831 1688 860 1740 et
875 1680 899 1741 si
911 1680 968 1740 hoc
980 1698 1079 1740 meum
1090 1689 1178 1754 esset,
1193 1680 1228 1740 ho

205 1783 369 1844 numquam
384 1784 431 1826 me
447 1784 546 1827 orares
562 1765 634 1844 quin
651 1765 767 1826 darem:
782 1764 865 1825 illum
881 1773 910 1826 te
925 1783 1011 1825 orare
1026 1764 1155 1839 meliust,

204 1848 264 1910 illic
278 1851 356 1911 hdnc
371 1850 442 1910 mihi
458 1851 630 1911 servandam
647 1849 735 1910 dedit.
763 1850 790 1910 ei
806 1867 876 1910 sane
892 1849 968 1910 bella
983 1848 1069 1910 belle.

204 1951 277 2013 cape
292 1935 349 1996 hoc
364 1935 413 2010 sis,
429 1934 550 1995 Libane.
594 1934 666 1994 dne.
698 1933 842 2010 Furcifer,
858 1935 945 1996 etiam
961 1953 1009 1995 me
1025 1933 1181 1996 delusisti?

205 2017 295 2079 Leon.
319 2019 485 2097 Numquam
501 2018 600 2080 hercle
616 2020 754 2093 facerem,
770 2037 866 2097 genua
879 2020 910 2080 ni
922 2027 981 2080 tam
995 2018 1135 2098 nequiter
1149 2019 1228 2080 fricar

203 2105 319 2182 agesis
344 2111 376 2166 tu
404 2104 435 2166 in
457 2113 571 2185 partem
599 2105 740 2165 nunciam
761 2105 842 2165 hunc
868 2104 974 2166 delude
1000 2113 1088 2183 atque
1111 2104 1228 2185 amplex:

559 2191 645 2251 hanc.

203 2271 265 2333 Lre.
297 2274 414 2350 Taceas,
430 2293 477 2336 me
492 2283 617 2355 spectes.
661 2275 732 2335 Anc.
762 2273 842 2345 Quin
857 2275 892 2335 ad
908 2274 998 2349 huno,
1015 2273 1208 2349 Philaenium,
1222 2290 1228 2333 a

580 2358 720 2433 redimur,

200 2441 296 2502 virum
310 2443 429 2520 quidem
445 2443 497 2523 pol
512 2379 665 2523 optirmum
682 2452 711 2504 et
726 2461 787 2504 non
803 2442 928 2503 similem
943 2442 1017 2503 furis
1030 2439 1144 2504 huius?

200 2525 263 2586 Lm.
290 2526 580 2589 inambulandumst:
597 2546 678 2589 nunc
693 2528 764 2588 mihi
779 2528 907 2590 vicissim
922 2527 1142 2606 supplicabunt.

200 2610 272 2671 Anu.
304 2610 421 2682 Quaeso
436 2612 545 2687 hercle,
561 2612 683 2688 Libane,
700 2613 740 2674 sis
755 2631 839 2674 erum
853 2614 911 2674 tuis
926 2612 1009 2673 factis
1024 2613 1173 2692 sospitari,

200 2695 236 2755 da
251 2696 291 2756 mi
308 2696 377 2758 istas
391 2698 495 2776 viginti
511 2697 616 2758 minas.
645 2697 726 2759 vides
741 2715 788 2758 me
804 2706 951 2758 amantem
966 2714 1064 2774 egere.

199 2778 261 2840 Lrn.
292 2780 454 2842 Videbitur.
484 2783 593 2843 factum
608 2783 684 2843 volo.
714 2783 808 2843 redito
824 2782 1006 2844 conticinno.

199 2883 281 2927 nunc
297 2865 392 2928 istanc
407 2867 553 2946 tantisper
567 2867 636 2929 iube
651 2875 753 2947 petere
768 2876 857 2945 atque
873 2885 957 2928 orare
972 2883 1099 2927 mecum.

199 2948 280 3011 Puu..
311 2952 484 3014 Amandone
500 2953 650 3014 exorarier
663 2953 706 3014 vis
721 2952 769 3013 ted
785 2970 822 3013 an
839 2949 1022 3014 osculando?

284 3168 332 3222 661
352 3167 413 3236 quid
431 3173 472 3221 est
488 3170 648 3236 Argyrippo
666 3171 749 3235 codd,
768 3169 902 3220 Leonidae
920 3169 994 3220 dedit
1009 3167 1134 3232 Scaliger
1201 3180 1228 3218 66

196 3251 252 3288 rum
271 3236 421 3302 Seyffertue
443 3239 474 3288 in
491 3238 622 3289 deretani
639 3242 707 3290 aetia
723 3239 764 3302 31,
781 3237 823 3302 58,
843 3236 1019 3287 Buechelerrea
1038 3235 1071 3286 M.
1090 3235 1138 3287 llo.
1157 3232 1228 3300 39,2.

197 3318 266 3356 erum
337 3307 386 3358 662
399 3305 473 3357 Lnou.
486 3322 536 3357 om.
549 3306 635 3357 161116ι
703 3307 752 3359 663
770 3304 984 3372 qrosaingius]
998 3302 1067 3371 quod
1137 3304 1188 3356 664
1200 3317 1228 3354 mr

196 3372 296 3424 animus
313 3373 427 3441 Pyladea
496 3376 545 3426 665
564 3373 673 3440 deiunge
743 3376 792 3427 666
810 3388 852 3424 me
869 3373 947 3438 igitur
967 3377 1035 3424 tuom
1053 3372 1177 3434 Botdiue]
1195 3371 1228 3437 igi

196 3455 237 3492 me
256 3444 328 3492 tuum
398 3443 447 3494 670
466 3441 660 3506 confringantur
677 3440 703 3492 al
720 3441 891 3494 confricantur
908 3440 940 3505 B,
958 3439 1151 3504 confringantur
1169 3437 1228 3490 elo

196 3507 339 3573 fringentur
351 3509 382 3573 Ε,
401 3512 464 3560 item
480 3509 528 3559 sed
543 3509 624 3561 Aron.
642 3526 693 3575 pro
706 3508 768 3561 alD
823 3511 869 3561 671
890 3507 939 3559 dan
952 3508 1097 3573 Sauppe'ue]
1116 3506 1180 3558 dant
1196 3505 1228 3571 (dt

197 3575 336 3642 Gruterus)
407 3578 458 3630 674
475 3577 559 3629 estB¹
628 3583 698 3629 esset
715 3593 799 3630 meum
818 3579 842 3628 Ε
911 3578 960 3628 675
979 3591 1019 3627 me
1038 3589 1136 3626 orarem
1155 3575 1228 3639 E¹,n

194 3658 274 3696 rerem
293 3644 330 3694 13³
417 3646 466 3698 676
485 3648 511 3697 el
527 3645 615 3695 Buta
632 3645 654 3709 (i'
668 3644 713 3711 B't
810 3646 859 3697 679
878 3647 948 3696 tuam
968 3646 1064 3710 partem
1083 3642 1228 3693 Fleckeisen

195 3713 244 3764 680
263 3711 345 3764 adhue
364 3713 414 3765 DE
487 3715 538 3766 684
556 3712 649 3764 *viden
728 3715 777 3767 685
796 3712 924 3764 videbitur
942 3711 960 3764 f.
978 3727 1004 3765 v.
1023 3710 1055 3763 ad
1072 3709 1184 3762 reditum
1201 3712 1228 3776 (i.

195 3779 226 3830 ed
248 3779 341 3844 redito)
363 3781 509 3834 conticinno
533 3781 623 3833 Varro
648 3779 665 3835 l.
689 3780 706 3832 l.
725 3781 749 3846 7,
768 3782 808 3842 79,
833 3779 975 3831 videbimus
999 3779 1016 3831 f.
1034 3794 1059 3830 v.
1082 3778 1166 3830 redito
1191 3793 1228 3831 cor

194 3846 270 3897 cinno
289 3848 464 3915 (conticinnio)
482 3852 516 3902 io.
535 3851 560 3914 6,
579 3851 604 3916 7,
625 3848 754 3901 videbitur
771 3849 788 3902 f.
806 3864 831 3901 v.
850 3848 933 3900 redito
957 3848 1006 3899 huc
1028 3845 1176 3899 conticinno
1196 3863 1227 3900 co

193 3914 341 3978 (conticinio
359 3916 453 3982 Lond,
471 3920 509 3982 ς);
528 3920 711 3969 condicionum
729 3933 745 3968 a
764 3917 971 3981 contremendo,
989 3914 1025 3977 os.
1044 3916 1195 3966 cachinnus

194 3985 243 4041 686
263 3998 330 4037 6666
347 3983 412 4037 istac
429 3985 475 4052 Be,
493 3986 570 4038 islam
589 3985 698 4038 nuncid
749 3984 823 4037 iubes
838 3984 924 4036 B¹Dll
977 3986 1024 4038 687
1044 3981 1194 4036 *orandone
