2594 4576
113 212 172 271 146
589 203 708 258 PLAle
1048 221 1177 272 insu-u

110 386 140 447 id
155 384 226 464 quoi
242 383 395 461 optigerat,
411 381 469 440 hoc
485 378 571 440 etiam
588 380 623 439 ad
638 378 747 439 malum
763 376 975 439 accersebatur
990 379 1114 439 malum:

111 479 141 532 et
155 468 317 547 discipulus
333 477 361 528 et
375 465 513 546 magister
528 462 760 543 perhibebantur
775 462 914 541 improbi.

110 555 151 616 ibi
167 572 257 615 cursu
271 552 410 614 luctando
425 551 507 610 basta
522 550 603 610 disco
618 547 750 628 pugilatu
765 547 824 626 pila

111 639 242 701 saliendo
257 657 321 700 sese
337 634 517 698 exercebant
531 634 623 713 magis
639 651 726 712 quam
740 641 839 694 scorto
854 640 906 692 aut
920 631 1027 694 saviis:

110 724 151 786 ibi
166 743 249 786 suam
265 731 390 784 aetatem
406 718 613 792 extendebant,
629 737 690 780 non
707 718 738 780 in
753 716 909 778 latebrosis
924 717 1012 778 locis.
1141 725 1176 776 44

109 809 179 871 inde
194 809 231 870 do
246 807 442 887 hippodromo
458 813 487 865 et
502 803 645 884 palaestra
660 803 712 864 ubi
726 803 890 864 revenisses
904 802 1040 877 domum,
1144 855 1147 862 .

111 893 268 955 cincticulo
284 891 472 972 praecinctus
487 888 517 949 in
534 889 603 951 sella
620 890 696 968 apud
712 888 884 968 magistrum
900 886 1056 948 adsideres

110 998 178 1042 cum
193 978 286 1038 libro:
302 995 371 1037 cum
385 975 507 1054 legeres,
523 973 652 1036 sinnam
668 974 847 1053 peccavisses
860 971 1015 1054 syllabam,

110 1066 195 1125 fieret
210 1062 324 1123 corium
339 1069 397 1121 tam
414 1058 596 1120 maculosum
612 1068 729 1138 quamst
744 1057 868 1119 nutricis
883 1057 1020 1138 pallium.

50 1198 53 1204 ⁴
110 1149 201 1210 Mnus.
217 1146 398 1226 Propterme
409 1145 483 1205 baec
496 1162 577 1205 nunc
589 1163 655 1206 meo
667 1143 760 1206 sodali
770 1141 828 1203 dici
838 1141 1007 1204 discrucior
1019 1141 1109 1204 miser
1117 1160 1125 1217 ;
1142 1149 1178 1200 445

110 1234 257 1294 innocens
271 1231 470 1310 suspicionem
486 1229 563 1290 banc
578 1229 705 1291 sustinet
720 1246 806 1290 causa
821 1245 894 1288 mea.

109 1317 191 1378 Puu.
208 1316 272 1391 Alii,
289 1315 378 1395 Lyde,
395 1332 476 1375 nunc
499 1322 570 1374 sunt
584 1332 691 1376 mores.
732 1312 801 1373 Lvn.
830 1312 862 1372 ld
879 1310 1022 1391 equidem
1039 1329 1094 1390 ego
1109 1316 1178 1371 certo

466 1416 543 1473 scvo;

112 1502 179 1546 nam
196 1484 265 1545 olim
280 1484 383 1564 populi
398 1484 481 1563 prius
496 1484 642 1544 bonorem
658 1480 792 1562 capiebat
806 1481 959 1558 suffragio,

111 1587 198 1648 quam
213 1569 353 1648 magistro
369 1567 522 1629 desinebat
536 1586 600 1629 esse
615 1567 694 1628 dicto
710 1566 885 1639 oboediens;
1222 1614 1224 1679 1

109 1662 138 1716 44
154 1673 244 1730 nunc,
260 1654 344 1733 prius
360 1672 447 1732 quam
463 1653 637 1733 septuennis
652 1660 705 1725 est,
721 1652 746 1713 si
761 1651 887 1729 attingas
902 1667 972 1710 eum
987 1668 1091 1726 manu,
1144 1657 1180 1709 444

112 1739 258 1819 extemplo
273 1757 349 1818 puer
364 1739 534 1818 paedagogo
550 1736 648 1798 tabula
664 1737 821 1816 disrumpit
834 1743 931 1815 caput.

110 1842 200 1902 quom
216 1831 328 1902 patrem
345 1824 431 1884 adeas
446 1822 636 1902 postulatum,
652 1840 746 1901 puero
762 1821 804 1882 sic
816 1820 885 1881 dicit
900 1829 1001 1899 pater:

107 1900 224 1969 ‘noster
238 1915 311 1982 esto,
327 1908 397 1969 dum
413 1915 442 1968 te
457 1907 569 1986 poteris
584 1908 738 1968 defensare
755 1899 879 1967 iniuria?

109 2001 288 2073 provocatur
302 1993 502 2073 paedagogus:
523 1984 593 2052 ‘eho
608 2010 700 2053 senex
713 1991 838 2052 minumi
852 1989 939 2070 preti,

109 2096 148 2138 ne
164 2077 269 2156 attigas
284 2095 411 2157 puerum
426 2077 498 2138 istac
514 2095 610 2152 causa,
627 2077 746 2155 quando
763 2075 831 2136 iecit
845 2062 987 2135 strenue?
1143 2080 1179 2131 ru

110 2159 145 2244 [it
159 2162 297 2240 magister
312 2163 394 2241 quasi
410 2163 532 2223 lucerna
547 2171 637 2224 uncto
653 2171 793 2241 expretus
808 2153 922 2240 linteo]

108 2246 169 2307 itur
183 2246 265 2307 illinc
286 2247 350 2308 iure
365 2247 453 2308 dicto.
476 2246 584 2308 hocine
599 2247 646 2307 hic
661 2254 747 2326 pacto
763 2252 861 2324 potest

109 2330 244 2392 inhibere
259 2332 416 2411 imperium
432 2332 580 2411 magister,
595 2331 620 2392 si
635 2331 717 2411 ipsus
731 2331 844 2409 primus
858 2326 997 2407 vapuletl

108 2416 199 2477 Muns.
223 2416 305 2477 Acris
320 2416 477 2495 postulatio
492 2417 565 2477 haec
581 2425 633 2478 est.
657 2434 748 2494 quom
763 2415 850 2476 buius
865 2413 941 2475 dicta
956 2413 1112 2493 intellego,

108 2500 181 2560 mira
197 2509 267 2561 sunt
283 2501 313 2560 ni
329 2501 509 2562 Pistoclerus
524 2501 638 2581 Lydum
653 2499 762 2580 pugnis
778 2498 921 2561 contudit.
1144 2505 1181 2557 454

108 2584 179 2644 Lvn.
202 2583 259 2644 sed
275 2584 341 2663 quis
356 2586 404 2646 bic
420 2594 472 2659 est,
491 2604 579 2663 quem
591 2589 733 2646 astantem
747 2583 831 2644 video
846 2592 914 2644 ante
927 2580 1061 2644 ostium?
1090 2579 1181 2643 oni·

467 2669 581 2743 loxene,

108 2751 179 2814 deos
193 2752 338 2833 propitios
352 2772 400 2815 me
415 2753 513 2815 videro
529 2772 616 2833 qnam
632 2754 714 2815 illum
731 2749 831 2836 [haud]
847 2751 999 2813 mavellem
1013 2752 1098 2814 mibi.

107 2836 189 2898 Pau.
214 2838 286 2910 Quis
301 2839 359 2902 illic
376 2837 441 2902 est?
471 2839 772 3008 Lvn.]Mnesilochus‚
788 2838 868 2917 gnati
880 2837 923 2898 tui
935 2835 1057 2912 sodalis,
1075 2835 1182 2920 [eccum

463 2924 568 2996 adest,

193 3073 243 3124 426
281 3072 322 3125 uio
341 3074 387 3139 12¹,
405 3089 458 3140 quo
477 3074 542 3141 012²,
560 3090 637 3142 quom
655 3075 768 3126 Botbiuc
869 3076 917 3127 424
937 3072 1070 3141 dicipulus
1087 3075 1123 3128 13¹

108 3141 158 3194 428
176 3088 316 3193 luctanbod
333 3140 496 3192 littccbeliuc
512 3158 572 3194 nco.
590 3158 695 3194 eacurc.
713 3142 748 3194 63
828 3143 954 3208 pugillatu
1044 3145 1097 3197 433
1115 3143 1182 3194 *cun

108 3207 174 3260 libro
193 3211 260 3271 cum]
279 3224 336 3262 cum
355 3208 447 3260 librum
501 3210 660 3276 peccavisset
671 3209 755 3261 B¹CD
815 3212 866 3262 434
884 3210 958 3262 fleret
972 3209 1017 3262 CB
1086 3213 1136 3265 438
1148 3224 1183 3261 44-

107 3275 213 3341 plebani
224 3276 294 3328 BCD
362 3278 412 3328 440
429 3275 593 3342 antingasB¹
663 3278 831 3344 septuennist‚
847 3278 869 3329 si
882 3277 977 3344 attigas
989 3292 1100 3344 puerum
1113 3291 1184 3330 manu

107 3343 266 3396 Ritcobclius
356 3347 404 3396 441
425 3342 558 3411 dirrumpit
578 3345 621 3396 011
702 3348 751 3397 445
771 3346 865 3412 attigas
883 3349 999 3397 testatur
1017 3345 1127 3399 Nonius
1144 3345 1183 3406 7⁵]

108 3411 226 3477 adtingas
294 3412 343 3464 ista
362 3412 388 3461 D
404 3409 511 3463 Nonius
586 3415 637 3465 446
656 3413 677 3466 it
694 3411 739 3477 nb]
757 3412 783 3464 id
801 3413 847 3478 na,
865 3419 891 3467 et
910 3414 937 3476 C,
955 3412 985 3465 lit
1002 3415 1028 3464 D
1101 3414 1183 3474 uncto]

23 3535 27 3543 ,
107 3478 174 3531 unde
191 3479 230 3528 D¹
298 3480 373 3532 Paul.
387 3478 454 3544 79‚c
470 3474 584 3545 ‘expreta
603 3482 701 3548 antiqui
719 3481 839 3534 dicebant
857 3482 931 3550 quasi
949 3482 1066 3548 expertia
1083 3473 1183 3535 babita'.

106 3563 198 3598 ceraue
216 3561 269 3598 non
288 3549 340 3598 buc
355 3549 490 3613 pertinere
508 3547 616 3600 uidetur
633 3551 665 3600 ab
684 3553 804 3616 origine,
827 3566 890 3600 nam
908 3565 957 3601 444
974 3552 1004 3600 in
1023 3556 1117 3617 patris
1134 3564 1184 3601 ccr-

105 3629 183 3666 mone
209 3615 295 3666 locum
319 3617 397 3666 babet
420 3631 468 3666 444
490 3619 614 3668 canabo
639 3620 815 3669 continuatur
838 3623 900 3670 anta
920 3635 944 3670 4.
964 3618 1015 3670 447
1038 3619 1086 3682 (ita
1109 3616 1184 3684 magl-

107 3685 159 3733 ster
178 3711 209 3721 —
225 3684 230 3748 Ι
245 3681 329 3748 agitur
346 3682 417 3735 illinc
430 3684 593 3749 Leidolpbuc
610 3685 672 3736 (4444.
689 3683 743 3738 lan.
757 3686 782 3750 2,
794 3686 853 3750 249)
923 3688 973 3740 448
992 3687 1102 3754 vapulat
1117 3687 1184 3738 tan·

103 3765 190 3815 genus
200 3766 226 3814 p.
236 3750 270 3802 47
338 3752 385 3805 451
407 3752 483 3819 Lydo
496 3752 610 3819 Pylades
622 3753 702 3819 dedit,
724 3753 769 3806 sed
787 3783 820 3792 -
838 3754 931 3807 ostium
946 3756 1096 3806 Pbiloaeno
1111 3753 1181 3807 codd

107 3818 157 3870 452
176 3816 240 3870 Mun.
259 3817 321 3870 deos
339 3820 361 3870 B
431 3819 518 3883 [baud]
536 3821 705 3871 Hermannus
779 3820 841 3874 deos
859 3838 896 3889 pr.
915 3822 1000 3874 minus
1019 3838 1044 3876 v.
1065 3839 1091 3889 q.
1111 3823 1128 3875 i.
1146 3835 1183 3873 me

106 3884 200 3937 vellem
219 3900 251 3937 m.
270 3885 459 3951 Sigicmunduc
477 3888 539 3940 disc.
557 3890 610 3940 144.
628 3889 653 3953 3,
671 3887 722 3942 249
807 3893 858 3943 453
877 3890 981 3943 *eccum
1001 3889 1087 3954 adest]
1106 3891 1183 3958 pisto-

107 3953 168 4006 cleri
187 3954 270 4019 (qnod
285 3958 407 4021 spurium
425 3973 480 4007 4444
497 3956 634 4008 4444444444
651 3956 832 4024 Hermnnnur)

276 4222 443 4351 'A
