2594 4576
180 258 221 319 aa
654 264 774 319 marn
1088 288 1197 342 Μ
1250 246 1255 259 '

181 434 259 515 quoa
281 452 328 495 rne
350 434 485 498 sollicitat
506 437 651 516 plurumis
671 437 811 498 miserum
832 441 937 504 modis
957 477 1005 488 -

179 519 283 581 81799,
325 520 462 583 Noenum
483 531 630 584 mecastor
651 522 722 601 quid
744 541 799 602 ego
821 544 873 586 ero
894 527 990 590 dinam
1012 550 1078 592 meo

178 605 270 667 malae
292 606 334 667 rei
357 608 489 669 evenisse
510 626 634 687 quamve
655 609 810 681 insaniam,

177 708 255 771 queo
276 693 477 767 errmminisei3
500 693 538 753 ita
560 712 608 753 me
629 694 766 754 miseram
788 695 824 754 ad
845 696 927 758 launo
948 701 1071 762 modum

176 776 274 839 alreies
293 777 341 839 rlie
363 795 424 838 uno
446 795 533 858 saepe
555 779 683 840 extrudit
703 777 833 841 aedibus.

177 864 278 925 neseio
301 863 350 943 pol
372 880 448 940 quae
470 864 561 925 illunc
582 865 731 925 hominem
754 865 948 945 intemperiae
969 878 1094 932 tenent:

175 946 327 1027 pervigilat
348 956 451 1010 noetes
472 958 556 1024 totas,
580 958 641 1010 tum
664 957 761 1009 autem
783 950 928 1013 interdius

175 1032 256 1113 quatu
278 1032 399 1093 claudus
421 1043 503 1095 sutor
525 1035 602 1096 domi
624 1035 707 1096 sedet
727 1043 807 1096 totos
827 1037 899 1097 diss.

174 1136 272 1197 neque
295 1119 351 1179 iam
373 1137 433 1198 quo
455 1129 541 1199 paeto
564 1120 658 1181 eelem
679 1119 759 1180 erilis
780 1120 857 1181 filiae

173 1203 325 1283 probrum,
349 1204 514 1285 propinqua
537 1205 684 1285 partitudo
707 1204 777 1283 quoi
799 1207 918 1285 appetit,
1203 1220 1225 1270 tt

173 1304 250 1369 queo
273 1289 471 1365 comminisai3
495 1309 592 1369 neque
615 1290 772 1369 quicquam
796 1292 914 1353 meliust
934 1294 1017 1369 mdu',

173 1382 206 1433 ut
227 1374 343 1455 opinor,
367 1393 454 1455 quam
476 1395 512 1436 ex
534 1394 581 1436 me
602 1384 637 1435 ut
658 1392 748 1436 uuam
770 1375 874 1436 laaiam
896 1377 1025 1440 litteram

172 1457 299 1539 longam,
321 1460 441 1537 [meum]
463 1460 569 1540 laqueo
591 1459 699 1522 collum
722 1462 840 1538 quaudo
863 1461 1064 1526 obstrinxero.

171 1541 258 1606 lives.
302 1545 389 1606 Nunc
411 1545 560 1607 defaecato
582 1546 700 1607 domum
724 1545 822 1606 anima
845 1548 983 1626 egredior
1004 1551 1109 1626 domo,
1190 1550 1232 1614 lt

171 1639 326 1710 postquam
348 1632 483 1711 perspexi
506 1632 583 1692 salva
604 1650 668 1692 esse
690 1632 770 1691 intus
792 1633 899 1692 omnia.
1210 1645 1235 1696 a

171 1716 232 1777 redi
256 1716 393 1778 ndnoiam
417 1717 496 1777 intro
517 1726 606 1795 atque
629 1716 708 1778 intus
730 1734 822 1776 serva.
867 1719 971 1779 Suana.
1000 1719 1176 1800 Quippini?

170 1818 225 1879 eqo
247 1801 328 1863 intus
348 1800 483 1863 serveml
506 1820 543 1862 an
568 1821 605 1862 ne
628 1801 693 1880 quis
715 1802 801 1862 aedes
822 1802 958 1865 aulerat‘l

170 1903 239 1947 nam
261 1885 309 1947 hic
330 1886 408 1966 apud
431 1906 486 1948 nos
507 1886 580 1947 nihil
595 1893 639 1947 est
661 1884 739 1946 aliud
762 1888 873 1965 quaesti
896 1889 1027 1951 furibus:

169 1968 208 2031 ita
230 1971 337 2033 inaniis
358 1980 429 2032 sunt
449 1972 584 2051 oppletae
607 1980 693 2049 atque
715 1972 839 2033 araneis.

170 2054 255 2117 Eleu.
299 2056 403 2118 llirum
427 2058 497 2137 quin
522 2066 571 2118 tua
593 2075 640 2117 me
662 2073 750 2118 eausa
771 2057 858 2118 laciat
878 2058 1014 2138 luppiter
1212 2073 1239 2124 ὅ

171 2140 335 2222 l'lrilippdm
358 2159 458 2222 regem
481 2151 532 2203 aut
553 2142 679 2204 Dareum
703 2160 793 2215 nunc,
816 2143 994 2205 triveuefica.

168 2244 290 2289 araneas
311 2228 350 2289 mi
374 2246 428 2307 ego
444 2228 506 2290 illas
528 2229 637 2290 servari
658 2228 733 2288 volo.

167 2330 280 2395 pauper
300 2332 383 2390 sum;
406 2315 509 2386 fateor,
532 2314 642 2393 patior3
666 2311 744 2390 quod
766 2311 795 2372 di
817 2312 888 2374 daut
909 2314 983 2374 lero.

167 2396 213 2458 abl
237 2399 325 2471 intro,
348 2398 470 2460 occlude
492 2399 620 2459 ianuam.
664 2398 721 2458 iam
744 2416 798 2476 ego
821 2398 868 2458 hic
891 2417 952 2459 ero.

167 2500 235 2543 trave
257 2487 432 2561 quemquam
456 2482 582 2544 alienum
606 2483 634 2543 iu
658 2482 737 2544 aedis
759 2483 839 2543 iutro
860 2485 984 2544 miseris.

167 2568 244 2645 quod
269 2568 412 2647 quispiam
435 2568 535 2647 ignem
557 2576 687 2646 quaerat
710 2568 856 2645 exstingui
878 2569 953 2643 volo,

167 2670 205 2713 ne
227 2670 330 2713 musae
351 2652 422 2730 quid
443 2654 480 2715 sit
502 2653 581 2732 quod
604 2662 632 2712 te
655 2653 809 2732 quisquam
832 2654 986 2732 quaeritet.

166 2756 234 2798 nam
256 2737 279 2799 si
302 2737 484 2816 igniarium,
507 2746 539 2799 tu
562 2738 735 2815 extinguere
758 2740 936 2818 extempulo.

166 2830 227 2883 tum
250 2840 354 2902 aquam
377 2825 524 2902 aufugisse
546 2822 645 2897 dicito,
668 2824 692 2884 si
715 2823 780 2902 quis
802 2831 891 2902 petet.

165 2908 302 2983 eultrum,
324 2909 460 2984 securim,
483 2909 634 2990 pistillum,
656 2909 839 2982 mortarium,

165 3011 240 3071 quae
262 2994 371 3054 utenda
392 3013 457 3056 vasa
480 3011 597 3074 semper
618 2993 706 3054 vicini
728 3002 844 3073 rogant,

164 3080 244 3139 l'ures
268 3078 380 3140 venisse
402 3088 489 3158 atque
511 3078 665 3141 abstulisse
687 3079 785 3140 dicito.

164 3164 297 3243 prolecto
319 3163 349 3225 iu
373 3164 452 3226 aedis
474 3182 552 3226 meas
574 3182 621 3225 me
643 3162 765 3225 ahsente
787 3163 936 3224 neminem

164 3248 228 3309 volo
250 3248 329 3309 intro
352 3248 436 3310 mitti.
481 3259 568 3329 atque
590 3250 677 3310 etiam
699 3249 756 3309 hoe
778 3249 916 3328 praedico
938 3247 1002 3322 tibi,

163 3334 187 3395 si
209 3334 290 3395 llona
314 3333 444 3396 Fortuna
467 3336 571 3409 veniat,
594 3354 632 3397 ne
655 3334 878 3395 intromiseris
1192 3348 1232 3398 lttt

247 3556 279 3604 97
298 3567 346 3603 uae
365 3567 423 3602 num
480 3567 522 3604 ero
541 3566 589 3617 ego
607 3553 632 3602 E
683 3555 715 3606 69
733 3553 924 3604 comminiscere
936 3552 1052 3602 ll'oolrr'os
1106 3558 1141 3607 tlt
1156 3555 1230 3618 *sola

163 3634 245 3688 neque
264 3620 399 3687 quiequam
418 3619 509 3671 melius
527 3627 567 3671 est
579 3620 704 3683 [miserae]
718 3622 779 3672 mihi
849 3624 880 3673 77
899 3619 1043 3671 oxomae
1115 3624 1230 3675 utinam

161 3688 199 3737 11¹
285 3690 316 3741 78
336 3690 437 3754 longam
455 3688 604 3749 Scutarios]
627 3687 730 3754 longum
811 3692 912 3752 [meum]
934 3689 1103 3739 Camerarius
1186 3690 1230 3743 ob·

161 3755 268 3808 strlxero
283 3756 340 3807 au)
417 3758 448 3807 79
467 3757 560 3807 Evauro
574 3770 659 3808 suunx.
686 3771 806 3807 sammua
817 3771 880 3808 aava
892 3758 947 3818 ΒΕ,
965 3772 1015 3810 orn.
1028 3756 1054 3805 D
1070 3759 1131 3808 rino
1142 3760 1229 3826 spatio

162 3823 275 3887 egrediar
293 3824 318 3873 1)
403 3826 436 3877 80
453 3824 572 3891 prospexi
589 3824 615 3873 1)
700 3827 732 3877 83
750 3825 819 3876 aliud
838 3842 888 3876 om.
905 3824 1010 3876 Nonius
1092 3827 1129 3878 84
1146 3826 1230 3881 inanis

162 3892 194 3945 85
212 3906 253 3943 me
272 3891 447 3955 Camerarius]
466 3908 532 3944 nunc
549 3908 590 3944 me
659 3894 691 3944 86
708 3892 810 3944 Darium
828 3909 894 3945 uuna
911 3893 1064 3956 Muellerus]
1082 3892 1186 3948 darium
1198 3894 1230 3959 B,

160 3958 381 4082 qquequtqHDIdB
425 3962 457 4013 89
475 3960 524 4012 hoe
541 3960 577 4011 13¹
661 3963 694 4014 92
711 3964 752 4023 ue]
771 3960 803 4013 he
822 3962 896 4012 Bada
977 3962 1008 4014 93
1028 3962 1163 4030 extemplo

210 4043 250 4097 ps
298 4042 339 4079 um

97 4160 284 4304 Λ
