2594 4576
87 260 195 315 ,oe-122
496 243 650 299 esturmi
1071 246 1111 309 79

88 463 96 481 .
127 417 303 480 Enimvero
319 425 489 496 utrumque.
533 419 614 479 Prun.
641 419 705 498 Ego
718 417 851 495 obsecro,
868 427 897 481 et
908 428 941 481 tu
953 430 1112 501 utrumque

393 536 434 546 -
451 511 587 564 nostrum
602 522 694 564 serva.

87 609 105 649 r.
138 587 162 650 0
179 587 302 664 Libane,
318 587 358 647 mi
374 596 509 666 patrone,
525 588 565 649 mi
581 589 662 649 trade
677 589 762 650 istuc.
778 587 871 667 magis
885 588 1054 653 decorumst

87 681 171 735 ertum
187 673 391 753 potiusquam
408 681 567 751 patronum
583 693 659 735 onus
674 673 704 735 in
720 672 766 733 via
781 682 909 752 portare.
1067 686 1111 738 999

87 779 114 819 n.
145 758 184 818 lli
200 757 323 832 Libane,
340 758 452 818 ocellus
467 775 585 832 aureus,
601 758 713 819 donum
730 757 880 836 decusque
895 760 1013 834 amoris,

87 844 147 916 abo,
163 843 268 904 faciam
285 842 363 920 quod
379 843 468 916 voles,
484 842 520 902 da
535 844 612 905 istuc
628 852 784 922 argentum
800 843 898 905 nobis.

87 973 94 989 .
124 927 177 988 Dic
192 927 282 1007 igitur
296 928 363 987 med
379 927 559 1003 aniticulam,
575 929 784 1000 columbulam‚
801 929 948 1005 catellum,

87 1013 232 1086 indinem,
248 1011 444 1086 monerulam,
459 1014 662 1092 passerculum
678 1012 829 1093 putillum3

88 1106 315 1178 proserpentem
326 1097 450 1158 bestiam
463 1117 519 1172 me,
535 1099 683 1178 duplicem
698 1109 732 1159 ut
746 1097 868 1158 habeam
881 1098 1021 1178 linguam,
1065 1110 1109 1162 oet

87 1182 181 1244 rumda
197 1190 336 1261 torquem
351 1181 489 1256 brachiis,
505 1202 605 1245 meum
621 1184 729 1245 collum
746 1184 965 1262 circumplecte.

87 1287 103 1328 ¹..
132 1268 196 1328 Ten
219 1269 438 1347 conplectatur,
463 1267 627 1330 carnuler?
671 1269 733 1330 Lm.
764 1267 861 1339 Quam
882 1287 952 1330 vero
967 1269 1107 1350 indignus

384 1351 508 1414 videor?

87 1436 160 1498 istuc
174 1436 357 1515 nequiquam
372 1436 481 1499 dixeris
497 1446 555 1498 tam
572 1437 728 1516 indignum
744 1438 855 1500 dictum
870 1439 900 1500 in
917 1457 978 1500 me:

87 1539 117 1583 es
132 1522 183 1601 pol
198 1520 285 1581 hodie
299 1540 358 1596 mc,
374 1525 399 1582 sl
417 1522 536 1600 quidem
552 1523 609 1583 hoc
623 1527 781 1602 argentum
795 1525 874 1585 serre
889 1542 999 1604 speras.

87 1625 101 1667 i.
131 1607 194 1667 Teu
219 1624 273 1685 ego
288 1603 414 1667 veham?
438 1606 520 1751 ?Lm.
552 1607 618 1668 Tun
640 1609 697 1669 hoc
718 1608 795 1670 ieras
817 1618 974 1687 argentum
990 1609 1105 1671 alitera

385 1709 431 1750 me
1061 1705 1104 1755 'tud

87 1794 102 1835 i.
130 1775 208 1836 Perii
224 1775 332 1836 hercle.
368 1775 393 1837 si
415 1793 517 1836 verum
540 1776 660 1854 quidem
682 1785 712 1838 et
729 1777 871 1839 decorum
891 1796 975 1839 erum
998 1778 1104 1840 vehere

244 1920 246 1924 .
383 1878 508 1936 servom,

87 1944 178 2005 tende.
223 1944 286 2005 Lm.
317 1944 365 2006 Sic
381 1944 429 2006 isti
443 1945 541 2007 solent
555 1946 676 2025 superbi
691 1945 872 2008 subdomari.

87 2048 92 2086 ι
105 2029 201 2106 igitur,
218 2037 252 2090 ut
266 2038 429 2091 consuetus
444 2050 476 2092 es
490 2049 566 2110 puer
582 2032 661 2092 olim.
692 2031 754 2092 scin
771 2039 805 2092 ut
819 2030 937 2093 dicam?

91 2117 139 2175 stc.
168 2113 226 2188 abi,
241 2113 339 2188 laudo,
356 2118 412 2176 nec
428 2122 455 2176 te
472 2134 548 2194 equo
564 2117 657 2194 magis
669 2124 714 2177 est
728 2134 821 2194 equos
836 2117 915 2178 ullus
930 2117 1059 2195 sapiens.

87 2215 102 2257 r.
128 2197 430 2261 lnscendeactutum.
475 2200 537 2260 Lm.
568 2201 632 2279 Ego
648 2200 757 2262 fecero.
788 2218 833 2260 em
850 2200 922 2280 quid
942 2199 1102 2263 istucest?

381 2291 415 2344 ut
428 2293 461 2346 tu
476 2283 612 2346 incedis?
1058 2296 1102 2346 tuo

87 2383 139 2430 narn
152 2368 256 2430 hercle
269 2368 326 2429 iam
342 2368 378 2430 de
393 2369 516 2444 hordeo,
531 2370 648 2432 tolutim
664 2369 695 2429 ni
712 2368 837 2430 badizas.

87 2467 103 2511 l.
128 2453 250 2528 Amabo,
267 2453 388 2527 Libane,
404 2453 461 2514 iam
477 2462 522 2516 sat
533 2463 586 2516 est.
631 2456 693 2516 Lm.
724 2454 890 2532 Numquam
902 2453 1002 2515 hercle
1014 2454 1101 2516 hodie

381 2539 526 2600 exorabis.

87 2621 164 2683 niam
179 2622 286 2684 calcari
303 2623 495 2703 quadrupedo
510 2624 627 2702 agitabo
643 2623 798 2684 advorsum
814 2623 929 2697 clivom,

87 2704 154 2769 tidea
169 2708 205 2768 ad
221 2709 348 2786 pistores
363 2707 449 2783 dabo,
467 2716 499 2769 ut
513 2709 553 2769 ibl
569 2709 701 2770 cruciere
717 2726 852 2770 currens.

87 2800 133 2863 qut
139 2792 318 2854 descendam
331 2794 472 2855 nunciam
484 2794 514 2854 in
523 2793 656 2874 proclivi,
664 2811 840 2871 quamquam
851 2810 978 2871 nequam
987 2811 1028 2854 es.
1058 2801 1101 2853 'tto

87 2889 101 2934 t.
120 2877 194 2949 Quid
211 2896 303 2953 nunc,
315 2877 442 2940 amabo?
459 2879 610 2958 quoniam,
622 2886 655 2938 ut
666 2885 711 2939 est
722 2877 859 2952 lubitum,
876 2896 932 2938 nos
943 2877 1099 2952 delusistis,

87 2955 326 3042 ineargentum?
372 2964 433 3024 Lm.
464 2962 625 3043 Siquidem
640 2962 711 3023 milri
722 2969 849 3024 statuam
864 2969 894 3024 et
904 2979 985 3022 aram
996 2962 1100 3023 statuis

110 3115 156 3168 688
175 3120 210 3179 el]
230 3119 255 3168 te
274 3117 335 3168 etB
404 3118 454 3169 689
472 3116 534 3167 milri
552 3119 659 3183 patrone
678 3115 739 3166 milri
809 3116 858 3168 693
876 3129 916 3166 me
986 3114 1100 3166 aneticu-

90 3179 128 3248 11²,
145 3182 325 3238 anaticulamc
378 3183 550 3236 columbulam
563 3183 707 3246 Bentleius]
726 3182 871 3234 columbam
883 3181 926 3233 vel
983 3183 1034 3234 694
1046 3197 1099 3233 mo

87 3247 140 3301 dnm
157 3247 201 3316 Bb,
215 3248 253 3300 Db
270 3251 296 3315 (d
314 3267 350 3301 eoe
367 3254 387 3317 t)
453 3251 575 3331 pntillum
595 3250 769 3331 passerculum
788 3251 873 3314 codd,
892 3265 962 3328 corr.
975 3248 1099 3314 Scaliger

93 3316 1099 3450 '‘utillimul‘ll‘l.tltltmll'll....littoralia

90 3398 174 3505 {fleme
194 3425 245 3506 tam
258 3453 389 3519 iudignum
408 3404 504 3507 dictum
517 3424 654 3506 Bollto'us'
700 3456 748 3507 699
767 3469 855 3521 speras
870 3452 1020 3514 Muellerus]
1028 3422 1097 3518 ’spe-

145 3524 196 3574 tuo
215 3522 282 3574 teras
301 3538 350 3575 om.
369 3523 403 3589 Ι),
422 3523 519 3575 ieceras
538 3524 577 3574 Ee
670 3522 748 3585 [hinc]
767 3522 841 3572 aliter
861 3521 1029 3572 Camerarius

88 3588 142 3672 peri
159 3590 212 3641 tm
269 3589 332 3672 fet]
352 3594 391 3643 esi
466 3593 525 3671 tun
535 3592 556 3643 si
575 3590 648 3708 LIDE
667 3591 711 3641 isti
726 3589 886 3710 Quam
887 3587 968 3706 nizsltulp
1037 3588 1096 3706 {13¹3ss

87 3673 193 3778 thmmo
212 3659 354 3787 ordlppoltk
376 3659 591 3790 TerLoge.Std¹d,Id
607 3721 685 3792 ‘quod
703 3725 742 3776 illi
760 3723 876 3775 fordeum
896 3722 1027 3787 dicebant,
1048 3737 1097 3775 nos

87 3789 153 3847 tum'
173 3792 226 3858 (23,
245 3794 288 3857 19)
359 3797 408 3847 '108
425 3789 490 3846 ‘sire
509 3793 665 3861 quadripedo
679 3821 710 3832 -
727 3806 773 3844 seu
791 3785 902 3843 tolutim'
922 3791 1028 3843 Fronto

87 3860 204 3929 postidea
223 3865 332 3926 Pareae]
351 3868 440 3929 postea
511 3866 559 3916 711
580 3862 717 3913 Pdilaeoio
737 3859 825 3922 codd,
845 3859 1004 3926 Argyrippo
1022 3860 1096 3910 dedit

87 3932 191 3984 erarius
243 3930 369 3983 *amabo‘l
387 3930 516 3998 quoniam]
536 3931 657 3998 quoniam
675 3927 766 3979 amabo
778 3927 861 3994 Bou,
880 3927 1000 3995 quoniam
1019 3927 1094 3979 ambo

87 3999 129 4065 qo
