2594 4576
421 112 587 174 EVCLIO
632 112 868 174 STAPHYLA
1130 110 1175 173 11

118 265 202 328 Evcn.
239 266 308 338 Exi,
331 271 460 343 inquam.
497 284 550 345 age
571 267 626 327 exi.
664 266 830 326 exeundum
851 264 949 325 hercle
970 263 1023 324 tibi
1045 264 1114 324 binc
1135 267 1179 324 est

470 352 558 426 foras,
1150 359 1179 409 44

114 436 387 516 circumspectatrix
402 454 467 496 cum
484 437 577 497 oculis
592 436 750 497 emissiciis.

113 523 219 584 Srsrn.
248 523 322 583 Nam
338 539 391 583 cur
405 539 452 581 me
467 522 604 583 miseram
618 519 778 582 verberas?
821 521 908 581 Evcn.
938 519 975 580 Vt
990 521 1095 582 misera
1110 519 1150 580 sis

112 617 202 687 atque
219 617 251 669 ut
264 616 294 668 te
308 608 428 687 'dignam
442 608 516 668 mala
531 608 636 668 malam
652 615 775 668 aetatem
791 605 898 686 exigas.

112 693 219 754 ernn.
248 693 322 754 Nam
338 711 395 771 qua
410 710 457 753 me
473 712 553 754 nunc
570 711 656 754 causa
672 692 821 754 extrusisti
836 711 872 753 ex
886 688 1028 753 aedibus?

111 777 201 839 Evcn.
233 778 299 839 Tibi
314 785 368 858 ego
383 778 530 839 rationem
544 778 672 850 reddam,
689 779 874 839 stimulorum
890 775 995 855 seges?
1150 783 1179 833 45

111 864 182 925 illuc
205 863 362 942 regredere
384 863 421 924 ab
445 864 529 924 ostio.
563 863 632 924 illuc
655 862 694 924 sis
716 864 789 937 vide,

112 957 145 1011 ut
168 948 287 1009 incedit.
331 956 360 1009 at
381 948 444 1009 scin
468 967 526 1026 quo
549 948 636 1009 modo
658 947 711 1007 tibi
733 967 781 1009 res
803 967 834 1009 se
857 946 965 1009 babet?

111 1035 137 1097 si
159 1035 259 1096 hercle
281 1034 368 1094 hodie
390 1035 498 1095 fustem
520 1052 627 1114 cepero
650 1045 700 1095 aut
721 1033 871 1094 stimulum
894 1032 924 1093 in
947 1052 1075 1104 manum,

110 1119 313 1182 testudineum
335 1119 422 1181 istum
445 1119 497 1179 tibi
520 1138 575 1199 ego
597 1117 739 1199 grandibo
763 1120 895 1198 gradum.

112 1205 217 1266 erru.
260 1205 377 1265 Vtinam
400 1223 447 1264 me
469 1204 525 1265 divi
548 1204 667 1266 adaxint
688 1205 723 1266 ad
745 1205 937 1285 suspendium
1150 1212 1179 1262 50

110 1290 212 1372 potius
234 1290 351 1369 quidem
375 1308 462 1369 qnam
485 1291 541 1350 boc
563 1299 649 1369 pacto
672 1291 748 1368 apud
771 1299 800 1350 te
823 1291 954 1351 serviam.

110 1375 199 1436 Evcn.
243 1375 280 1436 dt
301 1383 336 1435 ut
356 1374 476 1437 scelesta
499 1376 560 1436 sola
583 1394 683 1436 secum
705 1377 885 1437 murmurati

112 1461 217 1522 oculos
238 1461 338 1521 hercle
360 1479 415 1539 ego
437 1461 518 1535 istos,
541 1459 683 1538 improba,
706 1459 850 1520 ecfodiam
873 1460 937 1536 tibi,

64 1547 70 1555 '
111 1565 150 1606 ne
173 1565 221 1607 me
243 1545 398 1607 observare
420 1546 515 1625 possis
537 1545 607 1624 quid
630 1563 730 1606 rerum
752 1563 861 1625 geram.

110 1631 261 1693 abscedite
283 1630 451 1692 etiamnunc
473 1666 514 1676 -
537 1631 706 1692 etiamnunc
728 1665 769 1675 -
792 1631 879 1692 etiam
901 1667 942 1678 -
965 1633 1029 1707 ohe,

109 1717 177 1779 istic
200 1716 321 1778 adstato.
365 1715 389 1777 si
411 1717 511 1778 hercle
533 1726 566 1778 tu
588 1735 624 1777 ex
645 1716 718 1777 istoc
740 1717 805 1777 loco

109 1802 234 1882 digitum
256 1810 457 1863 transvorsum
479 1810 530 1862 aut
550 1820 680 1881 unguem
702 1802 792 1863 latum
816 1804 976 1866 excesseris

109 1895 161 1950 aut
182 1887 208 1949 si
229 1887 370 1967 respexis‚
393 1888 531 1949 donicum
555 1906 609 1966 ego
631 1895 661 1947 te
683 1887 806 1962 iussero,

109 1972 255 2034 continuo
277 1972 376 2032 hercle
399 1992 453 2051 ego
476 1982 504 2033 te
526 1972 629 2032 dedam
652 1972 823 2052 discipulam
847 1975 937 2036 cruci.

109 2059 311 2120 scelestiorem
332 2075 379 2118 me
402 2058 456 2119 bac
478 2076 537 2118 anu
560 2067 641 2119 certo
664 2058 724 2120 scio

107 2144 216 2205 vidisse
240 2161 401 2222 numquam
424 2143 570 2222 nimisque
593 2162 647 2222 ego
669 2143 746 2203 banc
768 2152 867 2203 metuo
890 2144 974 2218 maie,

110 2248 148 2290 ne
169 2228 212 2289 mi
234 2247 270 2288 ex
291 2228 405 2290 insidiis
426 2228 514 2288 verba
537 2228 709 2308 inprudenti
731 2227 794 2287 duit

110 2333 169 2376 neu
192 2313 387 2394 persentiscat
410 2332 513 2375 aurum
536 2313 615 2375 ubist
636 2312 854 2375 absconditum:

109 2418 184 2478 quae
208 2400 239 2459 in
263 2398 399 2478 occipitio
422 2418 540 2478 quoque
562 2399 650 2460 habet
671 2397 773 2460 oculos
794 2416 940 2477 pessuma.

109 2503 192 2546 nunc
215 2482 265 2544 ibo
287 2493 320 2544 ut
341 2484 429 2546 visam
445 2485 522 2545 sitne
544 2485 583 2545 ita
604 2503 709 2546 aurum
731 2492 764 2543 ut
786 2484 913 2557 condidi,
1148 2493 1176 2543 65

583 2615 593 2618 0
601 2614 701 2620 ----——
849 2615 873 2619 —
1098 2612 1172 2620 -η

193 2683 288 2736 Evcmo
298 2700 382 2737 snunx.
401 2699 521 2736 srxrmxx
531 2700 592 2736 anus
603 2687 632 2746 B,
642 2689 747 2735 inverso
760 2687 855 2737 ordine
863 2687 895 2751 Ε,
905 2687 987 2737 arod)
1059 2688 1089 2737 41
1102 2687 1176 2734 4444-

105 2755 169 2805 er'cii
187 2752 261 2803 oculi
277 2754 445 2804 cochlearum
462 2757 526 2804 suot
619 2755 651 2805 42
670 2758 737 2818 uam]
755 2770 812 2805 nam
830 2770 870 2805 me
888 2755 923 2806 14ι
1016 2756 1050 2805 44
1068 2768 1117 2819 qua
1135 2767 1176 2805 me

106 2824 184 2884 nunc]
204 2835 245 2872 me
264 2836 313 2888 qna
330 2821 354 2872 B
422 2837 453 2872 ex
469 2821 534 2884 aed]
552 2821 591 2872 his
610 2821 731 2873 exedibus
743 2823 775 2885 E,
793 2823 898 2874 aedibus
910 2824 936 2872 Ι)
1003 2825 1035 2874 45
1054 2836 1102 2886 ego
1122 2837 1175 2872 era-

107 2891 205 2942 tiouem
218 2888 248 2951 B,
267 2889 406 2952 enimr.1),
424 2904 490 2954 egon
503 2905 522 2940 r.
535 2889 686 2953 Wagneroe
737 2892 770 2942 46
788 2890 892 2954 regrede
909 2889 995 2940 BDE¹
1046 2891 1079 2942 48
1092 2890 1176 2942 bercle

106 2957 185 3010 hodie
198 2957 405 3022 Kampmooous]
421 2956 497 3009 hodie
510 2958 594 3009 bercle
607 2958 701 3023 bnffl,
719 2959 794 3010 hodie
806 2957 842 3008 14ι
910 2961 942 3010 49
961 2957 1133 3009 testitudinem
1145 2963 1177 3008 44

106 3025 398 3087 mansuetudinem
415 3027 440 3076 E
491 3025 613 3092 grandibo
632 3026 745 3090 Nonius]
764 3024 869 3091 gradibo
923 3030 954 3078 50
973 3026 1128 3093 suspendum
1140 3027 1176 3078 Ba

106 3096 139 3148 53
158 3093 245 3144 hercle
257 3097 314 3158 ego]
327 3108 375 3159 ego
389 3094 435 3145 tibi
447 3093 551 3146 Nonius
619 3094 742 3147 ecfodiam
755 3094 868 3157 Nonius]
883 3093 1001 3145 effodiam
1071 3097 1102 3147 55
1116 3095 1176 3146 *nb-

105 3161 216 3225 scedito]
234 3161 343 3214 abscede
411 3163 487 3214 etiam
506 3177 572 3214 nunc
585 3162 698 3214 alter-um
716 3161 801 3214 om.B
870 3165 901 3215 56
919 3163 1019 3215 adstato
1034 3162 1174 3227 Gruterus]

104 3233 190 3284 ateste
260 3232 292 3283 58
309 3231 451 3296 respexeris
467 3231 530 3282 D¹E
601 3233 632 3284 60
650 3236 719 3283 certo
737 3231 919 3294 Franckenus]
945 3236 1013 3284 certe
1082 3234 1115 3284 64
1133 3248 1176 3288 oe·

105 3299 175 3366 cipio
193 3297 231 3349 Ba
299 3301 331 3351 65
350 3298 417 3350 sitne
436 3299 557 3367 Pylades]
576 3304 648 3350 estne
