2594 4576
109 280 237 332 rma-so
556 261 749 316 AltPlllTRvo

175 435 270 496 Mune.
315 434 427 495 Satirist
449 453 496 496 me
519 437 604 514 queri
627 437 677 497 lllo
699 436 787 497 modo
810 437 997 500 servitutem:

177 520 265 581 bodie
289 519 339 598 qui
361 519 469 581 fuerim
491 521 575 594 liber,

175 610 245 666 eum
268 623 351 665 nunc
373 605 477 683 potlvit
497 610 582 684 pater
603 606 761 680 servitutis,

176 691 225 752 hic
248 696 339 768 quom
360 708 450 750 verna
473 694 581 752 natust.

110 777 177 837 Sos.
221 776 294 836 Sum
315 778 386 835 vero
408 793 476 835 vere
497 775 637 836 verbero:
704 793 777 836 num
801 782 927 837 numero
943 778 982 838 mi
1004 778 1036 839 in
1055 784 1186 842 mentem

415 860 479 934 luit,
1148 875 1191 926 100

110 946 156 1007 dis
171 943 377 1005 advenientem
391 945 499 1022 gratias
556 963 612 1023 pro
627 944 740 1005 meritis
755 962 843 1022 agere
859 952 947 1024 atque
962 945 1093 1026 alloquii
1221 978 1224 982 >

111 1050 151 1092 ne
173 1028 215 1090 illi
238 1028 344 1109 edepol
364 1029 389 1090 si
411 1028 518 1089 merito
540 1048 607 1090 meo
666 1031 777 1090 referre
800 1030 937 1091 studeant
959 1033 1095 1111 gratiam,

109 1114 240 1194 aliquem
253 1113 405 1174 bominem
421 1113 549 1192 allegent
563 1114 614 1192 qui
629 1114 700 1174 mibi
715 1114 883 1175 advenienti
899 1135 932 1177 os
950 1117 1066 1179 occillet
1082 1119 1187 1198 probe,

111 1199 253 1279 quoniam
263 1198 340 1259 bene
350 1216 426 1276 quae
437 1198 468 1258 in
480 1216 528 1258 me
540 1200 677 1259 lecerunt
712 1199 828 1278 ingrata
840 1218 873 1261 ea
885 1200 974 1261 habui
988 1210 1076 1281 atque
1087 1203 1189 1266 inrita.

110 1284 206 1346 Mune.
251 1283 333 1358 Facit
355 1283 404 1344 ille
427 1284 506 1361 quod
529 1284 614 1363 volgo
636 1284 713 1344 haud
729 1284 835 1358 solent,
879 1293 912 1345 ut
934 1286 1006 1364 quid
1028 1306 1059 1348 se
1083 1288 1121 1350 sit
1143 1289 1189 1350 di·

417 1386 511 1445 gnum
533 1369 615 1429 sciat.
1146 1384 1188 1435 185

110 1455 175 1516 Sos.
192 1452 279 1523 Quod
290 1470 454 1531 numquam
465 1453 603 1532 opinatus
614 1453 655 1513 lui
704 1471 802 1531 neque
818 1454 891 1515 alius
907 1455 1062 1533 quisquam
1079 1459 1186 1519 civium

109 1539 168 1600 sibi
190 1545 375 1611 eventurum,
398 1537 427 1598 id
450 1538 584 1618 contigit,
649 1547 683 1598 ut
704 1537 773 1598 salvi
795 1548 967 1617 poteremur
992 1540 1080 1606 domi.

109 1624 239 1685 victores
260 1622 345 1683 victis
365 1622 501 1684 hostibus
565 1622 699 1702 legiones
720 1623 878 1684 reveniunt
899 1623 1018 1684 domum

110 1707 210 1769 duello
234 1707 380 1768 exstincto
403 1726 540 1768 maxumo
562 1715 651 1785 atque
674 1708 865 1768 internecatis
886 1708 1030 1770 hostibus.

109 1793 193 1872 quod
208 1792 300 1853 multa
316 1791 458 1852 Thebano
474 1792 564 1871 poplo
630 1791 736 1853 acerba
753 1790 860 1853 obiecit
874 1794 979 1853 lunera
1146 1805 1190 1857 190

109 1879 141 1939 id
156 1877 183 1938 vi
199 1885 228 1937 et
242 1876 349 1937 virtute
365 1877 490 1937 militum
546 1878 655 1938 victum
671 1886 759 1954 atque
775 1884 975 1956 expugnatum
992 1879 1162 1958 oppidumst

111 1961 239 2042 imperio
255 1969 343 2040 atque
359 1962 490 2040 auspicio
507 1961 550 2022 eri
606 1963 665 2023 mei
681 1961 904 2040 Amphitruonis
919 1981 1064 2025 maxume.

111 2047 221 2128 praeda
238 2053 326 2124 atque
342 2064 412 2125 agro
429 2046 588 2126 adoriaque
603 2048 710 2108 adfecit
724 2048 885 2125 populares
901 2066 971 2108 suos

111 2132 236 2212 regique
252 2131 393 2192 Thebano
410 2131 517 2192 Creoni
533 2150 659 2211 regnum
675 2130 812 2193 stabilivit
827 2150 921 2192 suurn.

111 2237 161 2279 me
176 2236 192 2277 a
207 2225 297 2296 portu
311 2217 462 2296 praemisit
477 2217 606 2289 domum,
622 2226 656 2277 ut
698 2217 770 2277 haec
786 2217 921 2277 nuntiem
938 2218 1023 2277 uxori
1039 2236 1122 2279 suae:
1146 2230 1189 2280 195

110 2311 146 2364 ut
160 2301 286 2381 gesserit
300 2301 512 2380 rempublicam
572 2303 661 2363 ductu
677 2301 803 2380 imperio
819 2300 950 2380 auspicio
965 2321 1030 2363 suo.

111 2407 147 2449 ea
162 2405 245 2448 nunc
260 2384 426 2447 meditabor
440 2406 499 2465 quo
515 2387 603 2447 modo
618 2387 660 2447 illi
675 2385 780 2462 dicam,
796 2405 887 2465 quom
902 2386 951 2447 illo
968 2388 1124 2448 advenero.

110 2472 138 2535 si
153 2472 255 2533 dixero
271 2471 467 2547 mendacium,
527 2473 627 2534 solens
642 2490 708 2531 meo
724 2490 806 2533 more
821 2473 930 2532 fecero.

110 2576 183 2620 nam
198 2575 289 2636 quom
303 2557 477 2635 pugnabant
491 2575 637 2630 maxume,
696 2575 750 2634 ego
767 2556 914 2636 fugiebam
930 2574 1074 2617 maxume.

110 2661 215 2703 verum
228 2641 312 2721 quasi
323 2640 467 2702 adfuerim
478 2650 577 2702 tamen
625 2641 769 2703 simulabo
781 2651 869 2720 atque
881 2639 978 2702 audita
992 2641 1123 2720 eloquar.
1147 2651 1189 2702 100

110 2728 165 2789 sed
181 2746 240 2806 quo
257 2727 344 2787 modo
361 2736 390 2787 et
404 2726 502 2788 verbis
516 2727 626 2806 quibus
684 2745 731 2786 me
746 2728 848 2788 deceat
861 2721 1029 2801 fabularier,

111 2812 197 2892 prius
213 2812 276 2890 ipse
291 2829 408 2872 mecum
424 2813 512 2873 etiarn
527 2812 592 2872 volo
607 2812 656 2872 hic
714 2811 856 2872 meditari.
887 2811 929 2871 sic
943 2810 1001 2870 hoc
1015 2811 1188 2890 proloquar.

199 2895 351 2975 Principio
367 2905 400 2956 ut
414 2897 463 2958 illo
480 2897 661 2969 advenimus,
695 2895 747 2956 ubi
761 2896 892 2975 primum
908 2905 1014 2955 terram
1030 2896 1189 2976 tetigimus,

114 2982 259 3043 continuo
275 2981 450 3060 Amphitruo
468 2981 576 3061 delegit
633 2982 711 3042 viros
725 2981 889 3059 primorum
904 2980 1072 3059 principes3

112 3085 166 3129 eos
181 3067 266 3146 legat,
283 3065 419 3127 Telebois
434 3067 516 3128 iubet
573 3067 750 3128 sententiam
766 3073 799 3126 ut
814 3065 913 3126 dicant
928 3083 1025 3126 suam:
1148 3076 1190 3126 105

200 3270 257 3320 176.
277 3271 325 3320 177
345 3272 370 3318 01
390 3270 446 3321 178.
465 3270 513 3320 179
532 3271 670 3319 coniuncti
740 3269 788 3320 178
806 3266 890 3334 potuit
907 3266 994 3316 B¹DE
1064 3269 1113 3318 1'19
1131 3265 1190 3318 *nio

112 3336 158 3404 qui
175 3350 253 3388 vernn
277 3339 353 3387 natus
375 3340 415 3386 est
439 3335 553 3402 queritur
570 3335 646 3390 codd.
664 3335 770 3388 Nonius
875 3336 924 3387 180
944 3333 1000 3386 Sos.
1020 3350 1070 3385 om.
1088 3333 1190 3396 BD¹E,·

111 3407 177 3454 11000
193 3402 252 3464 fere
268 3406 299 3453 in
310 3419 349 3468 sq.
418 3418 478 3456 vere
496 3402 663 3467 llttecbelv'ur]
676 3418 753 3455 verna
823 3403 899 3454 *num
912 3405 1027 3464 nurnero]
1046 3416 1114 3452 nunc
1126 3416 1189 3452 vero

112 3471 210 3547 codd,
224 3485 331 3523 numero
352 3470 452 3522 Gellius
469 3471 582 3534 Nonius,
600 3488 660 3523 num
678 3471 758 3523 verbo
776 3469 935 3521 11100001οἰ000
1005 3471 1053 3522 181
1072 3468 1189 3521 studeam

31 3572 37 3581 -
111 3540 151 3592 Ba
219 3539 314 3604 gratias
332 3540 417 3604 codd,
435 3555 505 3591 corr.
523 3538 633 3590 licinius
716 3540 764 3591 183
784 3538 886 3590 occiliet
903 3539 1058 3589 dubitanter
1075 3537 1122 3588 LG

112 3608 165 3659 184
195 3607 220 3658 ui
232 3607 294 3657 1111ι
355 3609 403 3660 187
416 3608 556 3675 potiremur
608 3605 916 3669 domiNom'ueMomum
977 3607 1026 3658 189
1039 3604 1153 3657 extincto
1165 3605 1190 3657 d.

110 3623 317 3747 110010010οη0ος
333 3691 425 3726 verrem
442 3681 580 3741 suspectus
640 3678 690 3729 190
709 3674 839 3742 quiBDE
890 3672 987 3740 populo
1052 3675 1099 3727 191
1118 3675 1190 3726 vinc·

111 3745 168 3796 tum
186 3744 221 3796 11ι
292 3743 668 3796 101001001000000000
736 3741 802 3803 sort.
821 3740 946 3808 imperiod
964 3741 1096 3806 auspiciod
1109 3747 1135 3794 01
1149 3758 1189 3808 sq.

111 3828 138 3863 0.
150 3811 263 3878 praedad
275 3810 355 3876 agrod
367 3810 470 3863 adoried
483 3816 515 3861 ut
531 3814 560 3861 in
572 3810 698 3872 formulis
709 3809 755 3874 (of.
765 3811 838 3875 991);
856 3825 920 3859 nam
937 3809 1021 3862 o.196
1032 3812 1191 3862 recentioris

111 3880 220 3931 videtur
238 3882 355 3944 originis
372 3895 425 3929 0000
443 3894 503 3930 cum
521 3895 546 3930 0.
564 3880 613 3930 197
632 3883 679 3945 qui
694 3879 795 3930 Brixio
812 3883 851 3928 001
865 3882 1002 3942 suspectus
1018 3879 1086 3941 (194.
1106 3879 1190 3931 197-

112 3947 166 4001 200
176 3948 345 4012 Isieerlingio)
416 3949 464 4001 193
483 3961 545 4014 agro
563 3947 626 4013 [qui]
640 3948 784 4012 Veringv'ur
801 3946 855 4012 (qui
872 3948 903 3996 in
916 3946 1190 4014 1010000013010100)

114 4018 163 4068 199
181 4030 230 4081 ego
248 4019 320 4079 [tum]
339 4015 375 4066 13²
444 4017 494 4067 200
512 4019 688 4068 verumtamen
705 4016 730 4067 11
799 4014 999 4066 10100000
1016 4013 1122 4064 Nonius
