2594 4576
71 127 73 132 ·
101 98 149 167 to,
162 121 312 178 23-111,1o
571 111 757 164 nvtvnama
1159 115 1200 175 972

115 258 232 345 stara.
278 284 388 346 Pelea
411 284 474 364 ipsa
496 284 584 345 credo
607 304 645 348 ne
668 285 747 347 intro
770 286 901 348 mittatur
923 295 1013 362 cavet,

121 362 195 430 num
210 371 246 431 ad
262 369 343 431 aedis
366 378 482 432 nostras
505 389 668 450 numquam
690 370 758 447 adit,
782 389 960 451 quamquam
981 391 1076 453 prope
1092 381 1145 434 est.

121 428 215 517 Reor„
259 454 338 517 Tace
359 464 448 536 atque
471 454 518 516 abi
540 455 630 517 intro.
686 457 790 518 Srnrn.
824 458 919 519 Taceo
942 468 1031 538 atque
1052 457 1136 519 abeo.
1158 492 1200 503 -

484 540 571 601 Erec.
616 541 748 603 Occlude
770 542 810 603 sis

124 611 205 686 fore's
226 625 371 688 ambobus
393 625 528 706 pessulis.
572 626 630 687 iam
653 645 708 706 ego
729 627 778 689 hic
802 646 862 688 ero.

123 701 291 772 discrucior
312 711 412 786 animi,
435 716 502 791 quta
526 710 561 771 ab
585 713 672 773 domo
696 713 894 774 abeundumst
915 712 995 773 mihi.
1155 722 1198 772 105

122 795 213 858 nimis
236 797 335 858 hercle
357 796 466 859 invitus
488 795 571 857 abeo.
616 798 668 859 sed
691 798 760 877 quid
784 817 869 879 agam
890 799 962 859 scio.

120 895 194 943 nam
217 890 320 944 noster
343 891 460 944 nostrae
482 882 561 961 quist
584 883 722 963 magister
743 884 842 945 curiae

118 967 254 1029 dividere
276 968 391 1047 argenti
413 967 485 1029 dixit
507 986 645 1030 nummos
667 968 698 1029 in
722 969 815 1043 viros3

115 1051 149 1113 id
174 1053 201 1114 si
223 1053 360 1133 relinquo
383 1072 418 1114 ao
440 1072 503 1115 non
526 1061 605 1133 peto,
629 1073 733 1114 omnes
755 1054 822 1115 ilico

117 1156 169 1199 me
193 1138 391 1218 suspicentur,
415 1138 514 1212 oredo,
537 1138 645 1200 babere
668 1158 772 1199 aurum
795 1139 883 1200 domi.

116 1242 194 1284 nam
215 1242 278 1284 non
302 1232 347 1285 est
367 1223 427 1284 veri
448 1223 553 1299 simile,
576 1224 726 1286 bominem
748 1243 910 1305 pauperem

117 1308 285 1389 pauxillum
307 1309 388 1389 parvi
411 1310 508 1370 facere
532 1310 604 1388 quin
628 1329 783 1371 nummum
805 1319 895 1391 petat.

119 1412 193 1455 nam
215 1413 298 1456 nunc
321 1413 411 1474 quom
434 1395 497 1455 celo
520 1395 622 1456 sedulo
647 1396 752 1469 omnis,
777 1415 815 1457 ne
837 1396 940 1469 sciant,

119 1497 229 1541 omnes
250 1479 388 1541 videntur
410 1480 487 1542 scire
510 1488 539 1539 et
561 1499 609 1541 me
631 1480 790 1561 benignius

119 1583 228 1626 omnes
248 1565 377 1626 salutant
398 1583 487 1644 quam
509 1565 676 1626 salutabant
696 1566 795 1646 prius;

118 1651 244 1724 adeunt,
266 1650 442 1726 consistunt
465 1649 645 1730 copulentur
666 1650 809 1724 dexteras,

120 1735 254 1816 rogitant
276 1755 324 1796 me
345 1743 378 1797 ut
399 1736 518 1809 valeam,
543 1736 613 1815 quid
636 1755 728 1816 agam,
752 1735 821 1815 quid
845 1753 944 1794 rerum
967 1753 1076 1814 geram.

120 1839 205 1882 nuno
228 1840 288 1900 qno
310 1822 462 1901 protectus
484 1841 548 1883 sum
571 1820 636 1898 ibo;
658 1821 789 1902 postidea
813 1820 933 1881 domum

119 1925 169 1968 me
191 1925 310 1968 rursum
334 1915 478 1986 quantum
499 1916 605 1986 potero
628 1914 743 1968 tantum
765 1906 915 1986 recipiam.

396 2211 603 2273 EVNOMIA
646 2210 930 2272 MEGADORVS
1136 2211 1195 2274 lta

185 2330 256 2391 Evn.
294 2329 388 2391 Velim
410 2339 439 2391 te
461 2330 597 2391 arbitrari
618 2332 684 2392 med
708 2332 780 2391 liaeo
801 2329 901 2403 verba,
923 2330 1022 2404 trater,
1155 2340 1199 2391 tm

185 2415 261 2477 meai
283 2416 351 2478 fidei
373 2416 494 2496 tuaique
516 2416 559 2477 rei

184 2520 274 2563 causa
296 2503 403 2575 iacere,
425 2510 459 2562 ut
481 2510 636 2581 aequomst
657 2519 826 2582 germanam
851 2518 995 2562 sororem.

186 2605 364 2666 quamquam
386 2587 465 2648 baud
488 2589 560 2649 salsa
583 2607 649 2649 sum
673 2607 727 2648 nos
750 2587 867 2649 odiosas
888 2585 1007 2661 haberi;

184 2691 254 2733 nam
276 2673 401 2735 multum
418 2673 562 2751 ¹loquaces
584 2673 690 2733 merito
714 2691 818 2733 omnes
840 2671 993 2746 habemur,

185 2777 242 2819 nec
264 2759 353 2820 ullam
377 2755 511 2837 profecto
534 2767 683 2838 repertam
706 2777 769 2819 esse
792 2767 902 2818 mutam

182 2843 272 2904 bodie
295 2843 399 2904 dicunt
420 2844 574 2905 mulierem
596 2843 657 2904 ullo
680 2843 711 2903 in
735 2843 841 2904 saeclo.

184 2947 287 2989 verum
309 2929 376 3003 hoc,
399 2929 498 3006 irater,
520 2933 615 2989 unum
637 2932 736 2989 tamen
761 2928 898 3006 cogitato,

183 3013 239 3074 tibi
261 3033 436 3095 proxumam
458 3033 506 3076 me
528 3014 659 3093 mihique
682 3032 746 3075 esse
769 3014 839 3074 item
862 3022 905 3089 te;

183 3099 223 3159 ita
247 3099 503 3192 aequomstqu
526 3100 557 3160 in
579 3118 642 3160 rem
665 3117 729 3160 esse
750 3099 869 3178 utrique
892 3099 1070 3160 arbitremur

190 3269 237 3318 101
259 3282 337 3334 eapse
355 3268 468 3319 Betbius
547 3270 595 3321 102
613 3282 739 3335 nusquam
756 3267 805 3318 Bb*
881 3267 944 3319 adiit
1020 3263 1198 3318 estombli

118 3339 170 3390 104
185 3341 250 3402 post
265 3335 378 3401 pessulis
394 3341 464 3403 spat.
481 3353 539 3390 oue.
557 3336 606 3387 BE
692 3339 741 3389 105
760 3335 792 3387 ab
811 3336 860 3387 det.
880 3336 999 3401 Guyetus
1084 3337 1133 3387 106
1151 3335 1196 3387 sed

115 3403 216 3466 Lotum]
235 3402 257 3455 si
274 3403 350 3455 BDlt'
458 3407 505 3459 108
525 3420 642 3457 nummos
660 3403 722 3455 dicit
738 3405 871 3455 Asconius
886 3407 1047 3470 personatus
1064 3404 1101 3454 od
1119 3404 1197 3456 Verr.

116 3472 179 3524 122
250 3475 294 3525 111
311 3472 366 3524 reri
379 3487 400 3524 s.
412 3488 464 3524 non
477 3479 517 3525 est
529 3474 643 3540 &ledes
712 3472 848 3524 homonem
862 3472 1020 3538 Spengelius
1090 3472 1139 3523 112
1152 3472 1195 3538 qni

116 3540 195 3592 BDE
264 3542 313 3593 118
331 3540 450 3606 postidea
470 3541 648 3604 Camerarius]
666 3546 726 3606 post
744 3541 811 3593 idem
893 3543 941 3593 120
959 3539 1075 3590 Evuonm
1093 3554 1196 3591 urerer.

116 3621 270 3660 monronis
288 3623 367 3660 srnnx
384 3608 441 3675 BE,
459 3626 509 3662 om.
526 3610 552 3659 1)
640 3611 688 3662 120
707 3625 748 3661 me
838 3610 895 3660 120.
914 3610 961 3661 121
981 3609 1121 3660 coniuncti

119 3678 168 3730 121
188 3675 255 3727 meai
272 3674 334 3728 fidei
353 3677 458 3744 tuaique
470 3677 587 3740 Reicies]
605 3693 677 3730 meae
695 3677 756 3729 fidei
774 3679 884 3742 tuaeque
896 3677 1009 3743 (tueque)
1077 3677 1114 3729 rei
1132 3676 1196 3730 haec

116 3745 215 3796 addita
232 3760 257 3796 v.
276 3744 292 3796 l.
313 3745 357 3796 vei
375 3745 424 3797 boc
443 3745 518 3798 BDE
604 3749 653 3801 123
671 3746 707 3797 sal
724 3746 761 3797 na
847 3746 896 3797 125
914 3744 978 3796 *nec
995 3744 1074 3796 ullam
1092 3763 1117 3813 p.
1135 3755 1154 3798 r.
1173 3763 1195 3798 e.

116 3815 227 3875 mutam]
245 3827 294 3864 nec
311 3816 407 3865 mutam
426 3830 452 3882 p.
470 3829 490 3866 r.
508 3814 586 3866 ullam
606 3831 629 3867 e.
701 3815 749 3866 126
767 3811 824 3863 *die
842 3812 931 3863 dicunt
948 3811 1001 3864 ulto
1019 3828 1053 3865 m.
1071 3814 1124 3866 ullo
1143 3815 1159 3866 i.
1174 3830 1194 3865 s.

118 3881 326 3934 incessentem
346 3881 491 3946 Bentier'os]
509 3884 571 3935 item
590 3897 647 3935 esse
744 3882 792 3934 129
811 3881 847 3933 ita
868 3880 1064 3945 Teubonanmn]
1081 3888 1111 3934 ut

170 3963 265 4006 runem
273 3963 292 4006 1.
977 3970 991 4018 7
