2594 4576
71 265 130 318 pron
142 265 246 308 1111-111
519 246 712 303 Aurfflravo

74 422 128 501 qui
152 440 220 483 oum
243 421 461 502 Amphitruone
483 422 573 484 abivit
593 422 664 484 hinc
686 423 717 484 in
741 423 913 498 exercitum,

74 514 110 569 ut
130 506 314 586 praeservire
336 507 446 567 amanti
468 526 535 568 meo
558 527 676 587 possem
699 509 776 588 patri

74 600 166 671 atque
188 601 221 652 ut
244 592 356 671 nequi
379 610 473 653 essem
497 593 653 654 familiares
676 601 864 672 quaererent,

72 676 190 738 vorsari
212 676 318 738 crebro
341 677 390 738 bio
413 695 504 755 quom
525 677 660 738 viderent
681 697 729 739 me
752 677 847 750 domi;

75 780 162 823 nunc
184 779 275 840 quom
297 780 361 822 esse
383 761 506 823 credent
527 780 642 823 servom
664 771 694 823 et
715 781 890 824 conservom
912 781 1008 835 suom,

74 846 157 908 haud
179 846 336 925 quisquam
358 855 482 925 quaeret
503 847 554 926 qui
576 848 649 909 siem
671 856 723 909 aut
745 848 815 927 quid
838 848 979 909 venerim.

76 940 163 1013 pater
185 950 267 992 nunc
290 931 372 992 intus
393 951 448 993 suo
471 933 570 992 animo
593 950 707 994 morem
728 933 821 1012 gerit:

76 1016 168 1078 cubat
188 1016 362 1094 complexus
385 1017 492 1096 quoius
513 1017 638 1096 cupiens
658 1025 832 1079 maxumest

77 1119 154 1182 quae
176 1101 217 1162 illi
240 1102 276 1162 ad
298 1101 448 1180 legionem
470 1103 546 1162 facta
568 1111 640 1163 sunt
660 1112 805 1164 memorat
826 1110 912 1183 pater

75 1205 163 1248 meus
184 1186 379 1247 Alcumenae:
403 1187 450 1247 llla
472 1187 555 1248 illum
578 1196 680 1248 censet
701 1188 797 1248 virum

75 1289 165 1334 suom
187 1289 261 1344 esse,
284 1289 360 1350 quae
381 1272 634 1333 cum'moeobost.
678 1271 720 1334 ibi
742 1292 824 1334 nunc
846 1290 931 1333 meus
952 1278 1037 1352 pater

74 1365 232 1430 memorat,
254 1357 388 1435 legiones
410 1357 540 1418 bostium
562 1366 595 1416 ut
616 1358 768 1435 fugaverit,

77 1460 140 1520 quo
162 1449 249 1522 pacto
273 1441 360 1503 donis
382 1442 420 1502 sit
441 1442 569 1503 donatus
591 1442 746 1520 plurumis.

77 1543 112 1587 ca
135 1525 223 1601 dona,
246 1544 323 1605 quae
345 1525 404 1587 illic
427 1526 637 1606 Amphitruoni
659 1536 729 1588 sunt
751 1527 827 1598 data,

76 1610 269 1673 abstulimus:
292 1611 376 1673 facile
398 1630 482 1673 meus
504 1619 588 1691 pater
610 1612 690 1690 quod
712 1611 773 1672 volt
793 1611 871 1672 lacit.

78 1714 163 1758 nunc
185 1696 272 1757 hodie
295 1695 472 1776 Amphitruo
494 1696 594 1757 veniet
616 1697 675 1757 huc
697 1695 734 1756 ab
757 1696 888 1757 exercitu

78 1792 108 1843 et
131 1784 240 1855 servos,
264 1782 372 1860 quoius
394 1799 449 1860 ego
471 1781 548 1841 hanc
571 1782 634 1840 fero
656 1780 822 1859 imaginem.

78 1883 163 1927 nunc
183 1866 354 1927 internosse
375 1873 409 1926 ut
430 1884 486 1927 nos
509 1864 628 1944 possitis
649 1865 772 1938 facilius,

78 1969 135 2031 ego
159 1951 211 2012 has
231 1950 348 2011 habebo
370 1954 465 2030 usque
489 1949 518 2011 in
542 1959 645 2031 petaso
668 1951 823 2030 pinnulas;

77 2043 144 2096 tum
166 2053 233 2096 meo
255 2036 332 2115 patri
354 2043 452 2096 autern
474 2035 590 2097 torulus
612 2035 702 2095 inerit
723 2054 831 2096 aureus

77 2139 135 2182 suo
158 2124 189 2180 ln
211 2128 331 2200 petaso:
356 2120 384 2181 id
406 2120 524 2198 signum
548 2120 756 2198 Amphitruoni
780 2138 841 2181 non
865 2118 930 2180 erit.

79 2223 115 2266 ea
137 2209 221 2284 slgna
243 2223 332 2266 nemo
355 2206 463 2266 horum
486 2205 672 2266 familiarium

78 2288 180 2350 videre
202 2290 326 2369 poterit:
349 2308 451 2351 verum
473 2308 525 2351 vos
546 2288 691 2350 videbitis.

79 2375 133 2436 sed
157 2374 382 2454 Amphitruonis
403 2374 452 2435 ille
475 2383 520 2435 est
541 2393 641 2436 servos
664 2373 756 2446 Sosia,

79 2477 96 2520 a
119 2465 211 2539 portu
233 2459 292 2520 illic
314 2464 397 2521 nuno
419 2477 488 2520 cum
510 2459 646 2520 lanterna
667 2458 793 2521 advenit.

80 2542 197 2624 abigam
220 2544 277 2605 iam
300 2563 355 2624 ego
377 2544 470 2606 illunc
492 2545 697 2606 advenientem
720 2543 756 2604 ab
779 2542 909 2604 aedibus.
1114 2544 1158 2595 150

80 2629 196 2690 adeste:
221 2629 277 2690 erit
299 2647 407 2710 operae
430 2629 558 2708 pretium
581 2629 630 2690 hic
651 2627 854 2709 spectantibus

80 2713 183 2775 lovem
206 2717 235 2775 et
256 2714 436 2776 Mercurium
458 2715 555 2776 facere
578 2713 772 2776 histrioniam.

170 2899 219 2950 115
238 2898 301 2950 abiit
384 2901 432 2952 129
451 2897 560 2950 credes·
580 2898 617 2949 111
635 2896 750 2960 (credens
768 2895 864 2960 Lond.)
948 2895 996 2946 132
1015 2891 1096 2956 cuius]
1116 2907 1159 2944 cu·
1222 2944 1229 2954 ,

98 2966 157 3019 iens
177 2965 210 3015 B¹
290 2968 339 3020 134
357 2973 446 3018 censet
463 2967 508 3018 illa
525 2964 714 3018 Fleckeiocn'ur
788 2963 982 3017 1351111113
1058 2962 1106 3013 131
1125 2960 1159 3011 sit

78 2982 158 3086 ionia
176 3033 261 3100 codd„
279 3051 350 3090 corr.
369 3034 518 3086 Salmasius
623 3035 671 3087 139
689 3035 753 3101 quot
769 3031 856 3083 B¹Dli
954 3033 1001 3083 141
1022 3029 1075 3081 fero
1093 3028 1159 3079 hanc

79 3101 271 3154 Flcchaiemur
349 3105 398 3156 143
417 3102 518 3154 habebo
536 3103 578 3154 hic
595 3117 677 3169 usque
695 3101 810 3168 Pyladm
884 3098 987 3168 pinulas
1004 3097 1090 3149 B¹Dla¹

81 3173 136 3223 144
153 3170 266 3223 1011111111
284 3170 359 3222 ΗΒΕ
438 3173 485 3223 145
504 3171 569 3223 *suo
587 3171 613 3221 ln
631 3172 731 3235 petaso]
756 3171 896 3235 suppetaso
976 3167 1024 3219 146
1042 3164 1159 3216 *illorum

82 3240 133 3292 148
152 3238 206 3290 illio
278 3241 326 3292 149
344 3238 437 3307 portud
450 3239 610 3290 ltitschelfor
678 3238 775 3289 laterna
795 3236 818 3287 B
885 3235 936 3287 huc
954 3234 1058 3286 advenit
1071 3231 1160 3284 Goma-

80 3309 175 3358 rarius
246 3309 293 3362 150
312 3307 385 3360 illum
455 3310 501 3361 151
522 3307 576 3358 *sic
647 3304 1050 3368 1521hi01histr.hmnannus
