2594 4576
542 241 725 296 PRAEFATIO
1138 245 1171 298 tx

181 415 325 476 Adnotavi
352 433 557 494 quaecumque
583 416 618 477 ad
646 415 811 476 tabularum
838 417 1026 492 memoriam,
1054 419 1171 497 qualem

91 499 213 562 codices
233 508 264 561 et
277 500 460 577 grammatici
482 501 680 576 tradiderunt,
704 510 784 562 recte
806 500 1015 563 aestimandam
1038 504 1170 582 pertine-

91 593 171 646 rent.
208 585 317 646 veteris
338 592 436 646 autem
452 585 562 647 codicis
583 596 613 647 et
633 587 663 648 in
679 585 874 648 Bacchidibus
896 586 1032 666 rescripti
1052 588 1170 667 plenam

90 670 252 731 lectionem
268 669 428 749 proposui,
449 669 519 731 item
535 671 684 732 Vrsiniani
699 680 729 732 et
744 671 947 745 Ambrosiam,
969 672 999 732 in
1017 670 1170 735 bacchidi-

90 754 149 816 bus
171 755 316 815 decurtati
339 763 368 816 et
383 755 530 816 Vrsiniani
553 764 603 816 aut
624 756 847 818 consentientes
870 756 949 816 inter
971 774 1003 818 se
1025 765 1075 818 aut
1090 777 1105 818 a
1120 776 1170 819 ve·

90 848 157 901 tere
173 838 383 901 dissentientes
397 840 559 919 scripturas
574 859 694 916 omnes,
710 840 897 920 singulorum
913 849 1010 902 autem
1025 841 1169 903 librorum

90 932 213 1005 praeter
226 932 356 986 veterem
372 934 400 985 et
415 925 592 1004 rescriptum
607 925 743 1005 proprias
763 944 812 987 eas
826 933 941 986 tantum
958 927 1073 988 enotavi
1094 945 1169 1006 quae

90 1009 237 1070 momenti
258 1009 367 1088 aliquid
388 1009 497 1071 habere
512 1011 691 1072 viderentur.
722 1011 855 1090 recipere
875 1011 905 1071 in
921 1011 1081 1072 verborum
1097 1031 1169 1073 con·

90 1103 205 1157 textum
227 1094 310 1156 nolui
326 1095 383 1156 nisi
399 1113 474 1174 quae
490 1104 569 1156 certa
585 1115 661 1170 esse,
685 1096 816 1157 indicare
830 1095 908 1157 volui
931 1114 1006 1174 quae
1029 1106 1169 1178 corrupta

91 1198 158 1242 esse
174 1179 351 1255 iudicarem;
373 1181 505 1241 accidere
527 1189 625 1242 umen
647 1180 726 1242 haud
749 1199 817 1242 raro
832 1180 863 1240 in
879 1180 937 1240 hoc
955 1189 1043 1260 poeta
1058 1182 1168 1258 debuit,

89 1274 126 1327 ut
147 1272 262 1326 certum
285 1274 314 1325 et
333 1265 486 1326 definitum
512 1266 584 1327 terri
605 1266 744 1326 iudicium
765 1265 913 1344 nequiret.
955 1265 1055 1327 multis
1080 1267 1170 1347 igitur

89 1349 244 1424 versibus,
273 1369 348 1429 quos
376 1350 494 1412 delendi
520 1369 607 1429 posse
629 1350 778 1424 videbam,
803 1350 914 1412 subieci
936 1369 1012 1430 quae
1033 1351 1169 1414 homines

90 1435 172 1497 docti
187 1435 271 1497 docte
288 1435 500 1511 coniecissent;
519 1435 611 1498 multa
626 1436 662 1497 de
678 1435 786 1515 quibus
801 1435 996 1497 dubitandum
1012 1455 1076 1498 esse
1092 1437 1168 1498 scie·

89 1520 169 1592 bam,
184 1519 295 1582 intacta
311 1520 416 1598 reliqui
434 1539 579 1599 nusquam
602 1521 688 1582 tacita
708 1521 892 1583 dubitatione
916 1529 946 1582 et
960 1521 1106 1600 probabili
1122 1541 1167 1583 sa-

90 1605 184 1667 nandi
209 1605 324 1666 ratione
346 1605 520 1685 plerumque
547 1605 683 1667 indicata.
720 1624 795 1684 quae
817 1604 907 1667 verbo
930 1625 992 1666 non
1017 1606 1113 1668 addito
1135 1615 1168 1668 ut

88 1689 196 1752 tradita
217 1700 288 1752 sunt
302 1691 385 1751 tenui
401 1709 434 1750 ea
450 1690 527 1751 sacili
548 1691 668 1770 negotio
685 1710 700 1752 a
716 1691 820 1770 quovis
842 1709 897 1751 nec
913 1691 1058 1753 sermonis
1073 1691 1166 1752 Plauti

88 1775 222 1854 artisque
237 1776 341 1856 ignaro
354 1793 452 1854 neque
464 1775 686 1854 opinationibus
698 1776 787 1838 meris
798 1776 939 1856 impedito
951 1776 1068 1838 delendi
1079 1795 1168 1855 posse

87 1859 276 1922 videbantur.
306 1878 488 1940 magnopere
503 1869 610 1935 autem,
626 1861 697 1923 dum
712 1861 846 1923 ultimam
856 1861 969 1940 primae
984 1861 1052 1922 buic
1069 1862 1168 1941 operis

88 1944 253 2026 particulae
275 1964 396 2007 manum
419 1945 557 2024 impono,
580 1945 721 2008 iudicium
744 1965 842 2008 meum
864 1947 973 2006 adiuvit
993 1946 1167 2008 amicissima

88 2030 304 2092 Wilamowitzii
321 2049 421 2110 opera.
438 2030 531 2091 -de
554 2031 657 2092 formis
673 2031 848 2110 quibusdam
870 2041 900 2092 et
920 2031 1165 2093 collocationibus

87 2114 250 2176 verborum
272 2116 379 2194 quibus
398 2115 469 2176 solis
488 2114 623 2176 Plautum
644 2134 730 2177 usum
752 2135 816 2177 esse
833 2116 974 2194 quosdam
997 2134 1079 2177 nunc
1101 2135 1166 2177 cre-

89 2200 162 2261 dere
177 2201 260 2261 video
278 2219 339 2260 non
353 2200 534 2278 persuasisse
549 2200 620 2260 mibi
631 2201 710 2261 viros
720 2201 824 2262 doctos
839 2208 870 2260 et
881 2200 1003 2260 omnino
1017 2200 1165 2279 insignem

89 2285 237 2347 sermonis
252 2286 423 2346 varietatem
438 2303 507 2346 cum
522 2285 664 2364 singulari
680 2286 710 2346 in
727 2284 789 2346 aliis
805 2284 895 2347 rebus
910 2285 1075 2346 constantia
1092 2303 1165 2346 con·

89 2370 223 2431 iunctam
238 2370 341 2431 Plauto
356 2388 403 2430 me
420 2370 535 2449 eripere
551 2370 682 2432 noluisse
698 2370 784 2450 periti
800 2364 884 2431 facile
900 2377 1092 2448 cognoscent.
1105 2385 1109 2395 ·
1123 2370 1165 2432 vi·

89 2473 193 2516 rorum
212 2455 367 2516 doctorum
389 2455 512 2515 nomina
532 2473 737 2534 quaecumque
758 2455 815 2516 iam
838 2455 869 2515 in
885 2455 1037 2517 llitschelii
1052 2455 1165 2516 Goetzii

88 2539 201 2601 Loewii
217 2538 396 2601 editionibus
410 2548 572 2601 memorata
594 2540 693 2602 inveni
708 2539 774 2601 loco
790 2558 849 2618 quo
869 2540 1045 2601 sententiam
1061 2549 1165 2619 protu-

87 2626 191 2686 lerunt
218 2644 278 2685 non
305 2625 433 2686 indicato
460 2625 638 2705 nuncupavi.
680 2626 891 2686 accuratiorem
921 2644 1024 2687 eorum
1050 2633 1165 2686 tantum

88 2711 273 2772 mentionem
295 2710 351 2771 leci
372 2728 448 2790 quae
467 2717 570 2790 postea
588 2711 619 2771 in
641 2709 737 2771 lucem
759 2709 949 2790 prodierunt;
972 2710 1060 2789 paulo
1080 2711 1165 2789 plura

88 2814 179 2874 quam
201 2795 231 2856 in
247 2794 398 2874 prioribus
419 2794 514 2856 tribus
537 2796 572 2855 ad
586 2795 745 2857 Bacchides
767 2796 911 2857 adnotavi.
942 2795 992 2856 sed
1011 2804 1040 2855 et
1054 2795 1165 2875 fugisse

88 2899 137 2941 me
153 2880 230 2941 haud
246 2899 339 2959 pauca
354 2888 427 2960 puto
439 2898 496 2941 nec
511 2899 582 2941 sane
595 2898 759 2941 memorare
775 2879 853 2940 volui
865 2897 1069 2958 quaecumque
1084 2880 1164 2959 lege·

91 2982 165 3039 ram,
181 2965 270 3025 immo
287 2973 384 3025 tacere
399 2965 501 3026 multa.

176 3049 218 3111 lle
245 3048 369 3111 consilio
395 3068 461 3111 meo
488 3050 558 3111 satis
578 3049 727 3129 praelatus
748 3067 823 3111 sum.
860 3049 939 3129 quod
962 3049 986 3111 si
1009 3049 1079 3128 quid
1101 3068 1162 3110 non

89 3135 195 3196 inutile
215 3134 355 3196 adiecisse
378 3134 501 3196 videbor
520 3142 566 3196 tot
586 3142 796 3214 tantorumque
816 3134 947 3195 virorum
972 3135 1075 3196 studiis
1096 3152 1163 3213 gra-

86 3219 206 3281 vissimo
229 3219 298 3280 huic
319 3219 502 3299 antiquitatis
525 3220 674 3281 Romanae
697 3229 890 3282 monumento
917 3220 1073 3294 dedicatis,
1101 3237 1161 3279 non

88 3305 214 3384 periisse
231 3323 350 3383 operam
366 3323 436 3366 sane
453 3324 514 3365 non
531 3305 723 3367 iniucundam
739 3304 883 3385 gaudebo.

173 3407 371 3468 Rostochii
394 3406 487 3468 Nonis
503 3407 642 3487 Augustis

769 3571 980 3642 Frlderlcus
1001 3571 1076 3640 Leo
