2594 4576
168 235 191 293 g
644 229 763 284 PLAVTl

164 404 266 468 lovem
287 404 473 478 invocarunt,
495 404 585 477 venit,
607 404 715 465 auxilio
738 404 763 466 is
785 403 856 476 luit;

168 496 321 571 praeterea
343 498 424 552 certo
448 489 546 569 prodit
568 489 599 550 iu
623 489 783 569 tragoedia.

168 577 246 638 hauc
267 575 397 637 fabulam
420 575 540 653 inquam
563 574 613 636 hic
634 574 768 654 luppiter
789 573 877 635 hodie
899 572 963 653 ipse
985 583 1062 654 aget,

168 670 198 722 et
220 679 274 739 ego
296 678 359 721 una
380 677 448 721 cum
469 658 529 720 illo.
574 677 656 721 nunc
679 660 751 736 [vos]
773 659 904 719 animum
926 658 1079 731 advortite,
1218 671 1255 722 05

169 746 239 807 dum
261 745 350 807 huius
371 749 579 822 argumentum
602 744 725 823 eloquar
747 742 926 804 comoediae.

253 829 333 891 Haec
356 828 429 891 urbs
452 836 496 890 est
518 828 653 890 Thebae:
676 829 707 889 in
730 828 822 890 illisce
844 827 955 890 habitat
976 827 1098 891 aedibus

167 914 355 994 Amphitruo,
379 921 466 975 natus
488 913 574 992 Argis
596 933 633 975 ex
654 913 734 992 Argo
756 921 850 993 patre,

169 1000 290 1080 quicum
312 999 503 1059 Alcumenast
524 1007 627 1077 nupta,
650 997 762 1059 Electri
784 998 853 1059 filia.

169 1085 194 1146 is
216 1102 298 1145 nunc
321 1083 497 1163 Amphitruo
520 1085 701 1162 praefectust
722 1082 900 1161 legionibus,

169 1187 238 1230 nam
261 1186 328 1229 eum
352 1167 489 1230 Telebois
511 1167 651 1230 bellumst
673 1167 815 1229 Thebano
837 1167 939 1247 poplo.

169 1253 195 1315 is
216 1253 300 1333 prius
322 1271 410 1332 quam
433 1253 504 1314 hino
526 1252 598 1314 abiit
619 1253 744 1332 ipsemet
765 1253 797 1313 in
820 1252 991 1325 exercitum,
1063 1315 1067 1321 ,

170 1337 318 1418 gravidam
340 1338 534 1399 Alcumenam
556 1338 627 1398 lecit
647 1355 772 1399 uxorem
793 1355 886 1398 suam.

169 1441 240 1484 nam
263 1441 317 1502 ego
340 1429 392 1484 vds
415 1422 532 1485 novisse
555 1423 643 1484 credo
667 1423 724 1483 iam
746 1430 780 1483 ut
801 1422 839 1483 sit
859 1425 943 1501 pdter
964 1439 1058 1495 meus,

171 1525 259 1586 quam
280 1506 355 1569 liber
376 1509 482 1568 harum
503 1525 604 1568 rerum
627 1509 676 1584 [et]
697 1507 857 1568 multarum
880 1506 935 1568 siet

171 1599 360 1672 quantusque
383 1600 496 1653 amator
518 1592 556 1655 sit
577 1592 656 1671 quod
680 1591 917 1672 complacitumst
938 1591 1039 1653 semel.

169 1677 195 1738 is
217 1695 315 1738 amare
339 1678 455 1757 occepit
477 1678 668 1739 Alcumenam
690 1676 766 1737 clam
787 1677 883 1738 virum

171 1779 353 1840 usuramque
376 1763 439 1823 eius
461 1762 595 1842 corporis
618 1762 697 1842 cepit
718 1761 783 1835 sibi,

171 1854 201 1908 et
222 1846 370 1924 gravidam
392 1847 506 1907 fecitis
529 1864 592 1908 eam
616 1865 788 1926 compressu
810 1864 876 1907 suo.

172 1949 264 2006 nunc,
287 1931 323 1991 de
344 1930 507 1992 Alcumena
530 1939 646 1992 utrem
668 1930 795 1991 teneatis
816 1929 936 2002 rectius,

170 2016 320 2094 utrimque
344 2022 388 2076 est
410 2014 537 2095 gravida,
560 2022 589 2076 et
612 2033 648 2076 ex
668 2015 731 2075 viro
755 2018 785 2075 et
805 2033 841 2076 ex
863 2031 979 2076 summo
1002 2012 1085 2088 lov'e3

172 2108 202 2162 et
221 2119 307 2162 meus
328 2108 413 2180 pater
434 2116 516 2162 nunc
538 2100 618 2162 intus
640 2100 688 2161 hic
711 2116 779 2161 cum
800 2099 848 2160 illa
870 2098 973 2161 cubat:

173 2185 296 2247 ethaeo
319 2185 356 2246 ob
380 2203 444 2246 eam
466 2204 529 2248 rem
553 2203 614 2247 nox
636 2194 681 2248 est
701 2186 776 2245 lacta
798 2184 927 2263 longior,

172 2270 243 2331 dum
265 2272 355 2348 [cum]
377 2270 425 2331 illa
448 2290 575 2350 quacum
597 2270 659 2331 volt
679 2269 860 2350 voluptatem
883 2269 977 2348 capit;
1044 2299 1045 2303 =

172 2354 227 2416 sed
248 2355 289 2416 ita
310 2355 495 2417 adsimulavit
516 2373 548 2416 se
570 2356 653 2434 quasi
675 2354 850 2434 Amphitruo
873 2355 937 2416 siet.

51 2484 57 2490 -
172 2457 255 2500 nunc
278 2458 316 2499 ne
339 2440 420 2499 hunc
442 2446 582 2500 ornatum
601 2458 654 2500 vos
675 2456 775 2500 meum
797 2436 992 2511 admiremini,

173 2524 254 2603 quod
276 2541 331 2602 ego
354 2524 412 2584 hue
435 2523 567 2602 processi
589 2524 632 2585 sic
654 2541 722 2586 cum
745 2524 842 2586 servili
864 2525 991 2595 schema,

172 2615 302 2669 veterem
324 2617 413 2686 atque
435 2608 584 2687 antiquam
607 2627 670 2670 rem
693 2627 799 2671 novam
821 2608 858 2670 ad
879 2628 931 2671 vos
951 2607 1110 2688 proferam.

173 2701 332 2774 propterea
355 2702 479 2753 ornatus
501 2694 532 2753 in
555 2712 664 2754 novom
685 2694 794 2756 incessi
814 2694 951 2756 modum:

173 2796 242 2840 nam
264 2781 348 2839 meus
369 2785 454 2858 pater
472 2777 553 2839 intus
575 2783 658 2839 nunc
680 2786 724 2841 est
746 2797 850 2841 eccum
871 2778 1018 2858 luppiter;

174 2863 205 2924 in
229 2861 455 2943 Amphitruonis
475 2863 565 2924 vortit
586 2882 651 2925 sese
673 2863 831 2944 imaginem

175 2965 338 3025 omnesque
361 2966 428 3008 eum
451 2966 515 3010 esse
538 2955 663 3010 censent
684 2949 759 3010 servi
782 2948 972 3028 quivident:

174 3033 214 3093 ita
235 3032 422 3112 vorsipellem
445 3051 477 3093 se
499 3032 569 3093 lacit
590 3033 709 3111 quando
732 3033 823 3095 lubet.

175 3135 230 3196 ego
253 3116 329 3178 servi
351 3117 463 3199 sumpsi
485 3117 585 3179 Sosiae
607 3118 648 3178 mi
670 3118 838 3199 imaginem,

260 3304 293 3356 92
311 3302 497 3355 invocaverunt
507 3301 553 3365 Ba,
566 3309 723 3355 vocaverunt
733 3304 773 3353 1)a
842 3302 876 3353 94
893 3299 935 3352 llic
953 3315 1003 3352 om.
1020 3301 1060 3350 De
1129 3301 1161 3352 95
1181 3301 1251 3362 [vos]

174 3371 287 3439 Pylum
372 3372 405 3423 06
423 3375 600 3435 argumentum
619 3371 696 3423 huius
712 3370 840 3438 ῌΙαάοε,
858 3368 965 3420 huiusce
983 3382 1006 3421 a.
1024 3366 1161 3419 Bentloiua

176 3440 199 3490 el
235 3438 397 3493 uorlitstv‘ue
415 3438 448 3489 de
466 3437 529 3488 dom
543 3441 713 3505 partiemur
725 3440 762 3490 Pl.
776 3437 809 3490 10
826 3435 862 3498 cf.
876 3438 907 3490 11
978 3438 1010 3489 98
1027 3435 1125 3502 Argum
1142 3433 1252 3487 Nonius·

175 3511 202 3557 et
239 3511 327 3559 ernian
344 3505 467 3572 Argivum
485 3506 659 3572 intellegor&
680 3507 730 3558 alii
747 3505 869 3558 Alcaeum
888 3506 1086 3556 mecummet
1101 3502 1186 3569 (Argis
1203 3499 1250 3553 Al·

176 3589 237 3627 caco
255 3579 328 3643 petre
344 3573 541 3637 recusamus)
629 3578 675 3628 101
696 3579 736 3627 est
753 3573 851 3626 bellum
868 3573 953 3640 codd,
971 3588 1044 3625 corr.
1060 3571 1174 3640 Pylades

176 3643 272 3707 populo
344 3645 393 3696 103
411 3656 515 3695 uxorem
528 3642 685 3706 leoiteodd,
704 3643 932 3694 commutemus
1003 3643 1053 3695 104
1069 3639 1200 3693 novissem
1212 3637 1250 3686 13¹

175 3724 247 3762 meus
265 3715 337 3777 poter
355 3712 469 3762 Bottiaia
568 3713 615 3763 105
635 3713 680 3774 [el]
698 3710 898 3776 Peerlkampius
997 3712 1045 3762 106
1064 3707 1114 3761 siet
1216 3706 1251 3756 de

176 3781 375 3829 commotione
392 3777 427 3840 cf.
445 3795 467 3830 o.
482 3793 512 3842 g.
529 3777 563 3829 34
642 3780 690 3830 100
710 3779 796 3845 eoepit
811 3778 887 3830 11011
961 3776 1069 3830 undio
1088 3790 1138 3828 om.
1157 3774 1181 3825 ll

177 3847 227 3898 114
244 3848 321 3908 [oum]
339 3845 539 3897 Lindemann
625 3849 673 3899 117
692 3845 742 3897 huo
761 3860 809 3911 ego
825 3846 908 3912 (ergo)
920 3860 957 3912 pr.
971 3860 1029 3897 cum
1041 3859 1062 3898 s.
1074 3858 1096 3897 s.
1110 3842 1251 3897 caenum

176 3916 216 3964 dir
300 3914 415 3980 processi
433 3914 482 3967 huc
499 3911 606 3965 Nonius
623 3914 683 3979 (hoo
700 3913 829 3979 praecessi
847 3913 994 3979 deidonus)
1098 3911 1193 3964 seruoli
1211 3907 1249 3958 0ο

178 3982 226 4036 120
245 3995 313 4033 nunc
330 3980 411 4032 inlust
428 3980 586 4032 liitsololius
604 3983 768 4046 (nunciatus
786 3981 908 4047 Bellias)
