2594 4576
133 207 135 210 ⁴
173 238 215 298 8⁰
653 234 773 287 rusum

176 418 265 489 atque
279 417 314 471 ut
328 408 383 469 deo
399 407 440 468 mi
454 406 503 467 hic
517 406 652 468 immolas
666 406 786 468 bovem:
804 424 872 467 nam
888 423 944 484 ego
960 405 1015 467 tibi
1030 407 1114 470 Salus
1124 426 1187 471 mm
1278 471 1285 478 ,

176 495 267 556 Leon.
298 494 392 555 Etiam
408 502 450 567 tu,
467 510 527 565 ere,
543 491 643 635 istqnc
658 509 775 552 amoves
791 491 844 552 abs
865 499 893 551 te
915 499 1005 570 atque
1027 492 1125 571 ipsum
1136 490 1217 555 meai·
1263 516 1288 587 μ

532 593 585 653 gre
607 595 655 637 ere

176 672 266 744 atque
280 664 328 725 iila
344 662 400 723 sibi
415 679 491 740 quac
506 661 554 721 hic
570 661 696 722 iusserat
710 660 780 721 mihi
796 660 900 721 statuis
915 659 1146 741 supplicesque?
1193 666 1224 723 u
1270 677 1288 739 p

177 750 251 814 Anu.
282 748 378 820 Quem
393 756 422 808 te
437 753 535 806 autem
551 746 649 806 divum
666 742 841 807 nominem?
884 745 977 806 Lnon.
1008 745 1182 822 Fortunam·
1197 752 1226 807 tt·

532 849 590 908 que
607 829 838 910 Obsequentem.
1271 886 1288 916 ἓ

176 920 250 980 Ana.
286 918 346 978 lam
369 916 444 977 istoc
465 934 496 977 es
517 915 632 976 melior.
676 915 739 976 Lm.
774 915 820 976 An
847 913 917 993 quid
943 923 990 976 est
1015 915 1131 977 homini
1155 913 1231 977 sam

536 998 662 1061 melius?

177 1089 250 1149 Ano.
280 1086 363 1147 Licet
377 1084 493 1146 laudem
509 1085 681 1158 Fortunam,
698 1092 796 1145 tamen
814 1093 848 1144 ut
862 1102 900 1145 ne
916 1083 1051 1148 Salutem
1067 1084 1189 1165 culpem.
1285 1138 1288 1143 .

179 1173 259 1233 Pnn.
290 1172 413 1233 Ecastor
433 1171 534 1232 amhae
558 1179 628 1231 sunt
652 1168 758 1231 bonae.
802 1168 873 1230 Aue.
904 1168 1002 1230 Sciam
1024 1170 1080 1241 ribi
1100 1169 1170 1231 boni
1183 1164 1237 1247 quii
1282 1169 1288 1177 ''

539 1254 682 1316 dederint.

180 1342 270 1402 Lsou.
302 1340 378 1421 Opta
400 1341 428 1400 td
452 1339 531 1418 quod
553 1348 586 1400 nt
607 1340 762 1418 contingat
782 1337 919 1409 tibi‚vis.
964 1337 1037 1399 Ano.
1070 1338 1149 1409 Qun
1163 1338 1187 1400 si
1199 1354 1239 1416 op

538 1422 625 1485 taro‘t
668 1423 759 1484 Lnon.
789 1422 921 1483 Eveniet.
1209 1430 1241 1482 m

180 1511 254 1571 Ana.
284 1510 361 1590 Opto
383 1527 494 1570 annum
515 1509 597 1569 hunc
616 1516 793 1588 perpetuom
812 1507 885 1568 mihi
901 1506 989 1568 huius
1004 1526 1124 1586 operas.
1168 1507 1241 1569 Leon
1283 1542 1288 1602 p

537 1593 704 1673 lnpetrasti.
1285 1628 1288 1671 t

181 1680 253 1740 Aac.
284 1679 339 1740 Ain
356 1677 449 1739 vero?
493 1679 584 1740 Leon.
614 1678 701 1740 Certe
717 1678 846 1755 inquam.
891 1675 954 1736 Lm.
984 1675 1030 1738 Ad
1046 1694 1098 1738 me
1114 1677 1161 1739 adi
1174 1675 1243 1739 ricit-
1285 1676 1288 1751 ζ

538 1764 593 1824 sim
608 1771 697 1842 atque
712 1761 856 1841 experire.
1286 1760 1288 1771 ⁴

180 1856 289 1927 exopta
305 1848 333 1908 id
351 1847 429 1925 quod
445 1847 487 1908 ris
504 1866 639 1908 maxume
655 1847 708 1909 tibi
723 1847 856 1908 evenire:
872 1847 931 1907 flet.

182 1934 254 1994 Aac.
286 1931 362 2003 Quin
380 1950 434 2011 ego
449 1932 526 1992 aliud
543 1940 681 2011 exoptem
697 1932 823 2012 amplius
835 1931 892 1992 nisi
904 1928 975 1991 illud
988 1929 1101 2008 quoius
1112 1924 1244 2011 inopimti

182 2017 284 2096 viginti
301 2017 416 2095 argenti
432 2018 602 2078 commodas
616 2017 720 2092 minas,
736 2016 824 2078 huius
840 2035 914 2094 quas
929 2014 995 2075 dem
1012 2015 1113 2077 matri.
1212 2022 1245 2076 11

183 2101 246 2163 Lm.
277 2101 442 2163 Dabuntur.
473 2101 571 2163 animo
586 2101 626 2163 sis
641 2101 721 2163 bono
738 2103 813 2162 face:
831 2109 967 2181 exoptata
983 2099 1156 2180 optingent.

182 2188 255 2248 Aac.
284 2187 322 2248 Vt
337 2205 527 2260 consuevere,
544 2187 673 2248 hominis
689 2187 774 2248 Salus
789 2188 949 2247 frustratur
964 2193 993 2246 et
1009 2184 1157 2248 Fortuna.

184 2272 276 2334 Lnou.
307 2272 370 2350 Ego
387 2281 476 2352 caput
490 2273 559 2334 huic
575 2280 697 2351 argento
714 2271 756 2332 fui
771 2271 858 2333 hodie
874 2269 1066 2351 reperiundo.
1083 2268 1106 2348 †

187 2357 247 2418 Lm.
277 2357 341 2437 Ego
362 2376 415 2436 pes
429 2357 481 2418 sui.
525 2359 597 2418 Aac.
627 2356 706 2428 Quin
729 2375 785 2418 nec
807 2364 896 2436 capnt
915 2373 972 2416 nee
987 2355 1246 2434 pes‘sermonitp·

542 2450 634 2520 paret.

186 2543 242 2586 nec
258 2524 326 2604 quid
343 2525 446 2586 dicatis
461 2525 537 2586 scire
553 2545 609 2587 nec
623 2544 671 2585 me
686 2544 741 2586 cur
755 2525 861 2587 ludatis
876 2543 1007 2604 possum.
1215 2528 1247 2583 11

187 2610 247 2670 Lm.
279 2609 356 2671 Satis
370 2610 429 2671 iam
444 2610 580 2671 delusum
596 2628 713 2672 censeo.
746 2629 827 2671 nunc
842 2629 905 2671 rem
920 2618 955 2671 ut
968 2616 1014 2670 est
1029 2609 1213 2689 eloquamur.

185 2695 328 2768 animum,
344 2695 519 2774 Argyrippo,
534 2696 653 2757 advorte
669 2695 718 2757 sis.
749 2704 833 2774 pater
849 2714 904 2757 nos
920 2696 998 2755 ferre
1013 2695 1072 2755 hoc
1088 2695 1175 2757 iussit

186 2787 341 2860 argentum
358 2780 393 2840 ad
410 2781 467 2840 ted.
512 2780 584 2840 Aac.
616 2779 653 2841 Vt
668 2781 795 2860 temperi
811 2789 1042 2860 opportuneque
1057 2777 1212 2842 attulistis!

186 2864 249 2924 Lm.
279 2864 335 2926 Hic
350 2865 472 2926 inerunt
486 2865 589 2946 viginti
603 2865 700 2926 minae
716 2865 822 2940 bonae,
838 2864 913 2925 mala
929 2881 1018 2944 opera
1032 2872 1156 2944 partae;

186 2949 239 3010 has
264 2949 318 3010 tibi
344 2968 399 3011 nos
425 2951 518 3029 pactis
545 2949 660 3030 iegibus
686 2952 755 3012 dare
781 2950 875 3013 iussit.
931 2952 1003 3011 Ano.
1046 2948 1130 3020 Quid
1155 2948 1185 3011 it
1208 2950 1251 3017 esi,

545 3034 677 3114 quaeso?
1219 3038 1252 3093 at

188 3116 250 3177 Lm.
278 3117 401 3178 Noctem
416 3118 505 3180 huius
521 3128 550 3181 et
562 3138 664 3181 cenam
677 3119 733 3181 sibi
743 3127 777 3180 ut
788 3120 882 3180 dares.
927 3120 998 3179 Ano.
1026 3117 1101 3180 lube
1113 3117 1253 3181 advenire:

188 3202 387 3264 meritissumo
400 3202 463 3264 eius
479 3222 554 3282 quae
569 3204 647 3266 volet
661 3205 811 3277 faciemus,
828 3204 878 3282 qui
892 3204 982 3265 hosce
996 3220 1119 3267 amores

274 3374 325 3423 714
341 3369 424 3436 ipsum
443 3369 592 3436 Acidaliae]
611 3372 667 3438 ipse
737 3371 918 3437 adgrediens
988 3373 1038 3423 716
1057 3369 1177 3435 *divum
1193 3370 1257 3423 dc·

187 3437 303 3502 (deorum
321 3438 468 3503 Bentleius)
529 3443 575 3493 717
596 3439 692 3492 homini
712 3443 736 3503 s]
754 3439 816 3492 oiim
834 3439 930 3490 homini
949 3439 1024 3490 BDE
1074 3439 1192 3493 salutem
1206 3434 1258 3491 Μ’

190 3507 237 3558 711
258 3521 360 3573 operam
372 3506 517 3572 Langenses
577 3510 626 3560 711
645 3507 695 3572 adi]
714 3507 746 3559 ad
757 3508 824 3572 13¹1),
844 3508 904 3559 atlr'
962 3508 1010 3559 715
1030 3507 1169 3559 commoda
1188 3506 1258 3559 mim

190 3573 245 3625 eins
263 3575 369 3626 Nonius
446 3574 549 3642 quidem
567 3576 684 3628 matriti
763 3578 812 3628 716
830 3574 892 3627 fatie
911 3575 936 3626 Ε
1005 3575 1053 3626 717
1072 3588 1208 3629 consuere-

190 3644 240 3694 718
258 3657 280 3694 e.
300 3658 322 3695 e.
340 3642 399 3694 huic
419 3643 454 3695 fui
473 3647 578 3710 argento
597 3644 750 3696 inveniendo
771 3644 881 3695 Seruius
966 3642 1016 3693 huc
1033 3643 1071 3693 B⁶
1163 3638 1260 3696 hoec&

189 3708 356 3774 noscemus,
374 3711 433 3762 huic
451 3717 514 3763 ante
534 3711 610 3763 hodie
627 3710 674 3763 LG
761 3715 810 3765 719
829 3710 979 3777 necaputB
1057 3711 1175 3764 sermoni
1192 3710 1260 3765 Μ

190 3776 266 3840 teias]
285 3778 410 3830 sermonis
427 3780 567 3843 (sermones
585 3780 630 3843 Ba)
736 3782 784 3833 730
804 3795 828 3831 n.
847 3796 872 3846 q.
891 3779 914 3831 d.
933 3793 981 3830 nec
999 3792 1040 3830 me
1058 3792 1105 3830 cur
1124 3779 1142 3832 l.
1161 3780 1260 3847 scire}

190 3843 275 3908 codd„
293 3861 362 3897 corr.
382 3847 549 3899 Hermaeum
618 3848 666 3900 733
686 3850 712 3898 te
781 3851 896 3914 tempore
915 3846 999 3910 cedat,
1018 3861 1090 3898 corr.
1109 3846 1261 3901 necem

190 3926 233 3976 op.
251 3911 360 3965 111246
377 3914 423 3978 (cf.
442 3917 611 3969 Abrotonum
627 3920 659 3966 at.
678 3916 716 3966 Pt.
733 3914 794 3981 202)
882 3918 933 3968 734
946 3919 1010 3981 post
1027 3914 1078 3966 744
1095 3915 1139 3966 D·
1217 3926 1261 3969 1·

190 3982 249 4030 runt
267 3980 303 4029 Ba
373 3983 423 4034 736
441 3982 561 4037 advenire
579 3985 703 4046 Botkiua]
723 3983 844 4036 advenire
862 3997 958 4051 quaeso
