2594 4576
203 238 243 298 32
681 239 799 292 Pnavrr
1116 257 1288 309 112,roo-1aa

203 412 242 473 ibi
260 411 361 472 cenavi
376 417 464 489 atque
478 409 519 470 ibi
536 410 631 488 quievi
647 412 676 471 iu
695 413 759 472 navi
776 420 895 473 noctem
912 422 1076 491 perpetem,

204 515 302 576 neque
317 497 422 575 pedem
439 514 538 556 meum
554 497 612 556 huc
627 495 713 556 intuli
735 498 820 557 etiam
843 497 873 557 in
890 496 985 572 aedis,
1007 507 1040 558 ut
1061 516 1131 560 cum
1148 503 1283 563 exercitu

204 582 275 643 hinc
291 582 443 662 profectus
458 599 522 641 sum
538 580 573 640 ad
589 579 733 642 Teleboas
748 582 840 642 hostis
856 601 966 660 eosque
979 592 1014 643 ut
1029 584 1164 646 vicimus·

203 667 273 727 Aac.
303 667 396 727 Immo
419 683 535 726 mecum
562 665 701 740 cenavisti
728 675 758 726 et
785 684 900 727 mecum
927 667 1064 729 cubuisti.
1120 672 1218 731 Auen.
1249 671 1281 732 ld

514 747 663 828 quidest?
1239 766 1281 816 711

202 836 271 896 Aac.
301 835 377 895 Vera
391 834 467 895 dico.
512 835 604 894 Auen.
634 834 701 895 Non
717 835 752 895 de
769 837 822 896 hac
838 836 956 914 quidem
976 838 1076 897 hercle
1091 855 1141 911 re;
1164 840 1201 900 de
1218 841 1281 902 31113

514 937 626 980 nescio.
1193 964 1197 973 .

204 1005 272 1065 Aac.
302 1003 433 1064 Primulo
453 1004 583 1064 diluculo
598 1003 694 1064 abiisti
715 1005 751 1063 ad
765 1004 907 1082 legiones.
957 1006 1050 1065 Auru.
1082 1005 1279 1077 Quomodo?

204 1090 268 1150 Sos.
297 1088 389 1149 Recte
404 1088 483 1163 dicit,
500 1096 533 1150 ut
548 1089 764 1149 commeminit:
781 1090 930 1151 somnium
945 1098 1044 1151 narrat
1058 1090 1123 1151 tibi.

202 1174 264 1247 sed,
279 1173 395 1246 mulier,
410 1181 566 1252 postquam
582 1183 753 1252 experrecta
769 1193 809 1247 33,
825 1183 854 1234 13
870 1174 1024 1254 prodigiali
1038 1175 1098 1235 lovi

203 1267 253 1319 aut
267 1259 343 1319 mola
359 1258 434 1319 33133
447 1258 535 1319 1333113
551 1267 601 1318 aut
615 1267 680 1319 ture
696 1267 902 1337 conprecatam
920 1257 1061 1339 oportuit.
1238 1273 1279 1324 741

203 1344 274 1404 Aac.
305 1344 364 1403 1133
380 1343 468 1422 capiti
484 1349 544 1404 tuo.
590 1344 653 1404 Sos.
681 1344 743 1403 Tua
759 1344 834 1406 istuc
849 1346 948 1418 refert,
964 1345 988 1406 si
1003 1345 1162 1406 curaveris.

202 1428 272 1489 Aac.
302 1428 412 1489 lterum
429 1429 485 1488 iam
502 1428 549 1488 1313
565 1427 595 1487 13
612 1446 659 1487 me
670 1428 866 1489 inclementer
877 1428 956 1503 dicit,
972 1437 1060 1509 atque
1072 1429 1100 1489 id
1111 1430 1178 1492 sine
1190 1431 1278 1493 malo.

201 1514 294 1573 Auen.
325 1512 459 1573 1333133.
489 1522 521 1573 tu
538 1512 598 1573 die:
622 1530 716 1590 egone
733 1513 828 1575 abste
849 1514 905 1575 abii
928 1515 999 1575 hinc
1014 1513 1102 1575 hodie
1117 1533 1186 1575 cum
1203 1516 1279 1579 dilu-

513 1595 600 1658 culo?
1180 1647 1183 1652 -
1216 1657 1221 1664 .

87 1685 91 1692 '
202 1685 271 1744 Aac.
302 1683 375 1752 Quis
397 1683 488 1761 igitur
503 1683 559 1743 nisi
582 1701 632 1743 vos
654 1683 782 1743 narravit
804 1684 854 1759 mi,
876 1684 916 1744 illi
940 1692 973 1744 ut
994 1684 1083 1744 fuerit
1105 1684 1278 1762 proelium?

513 1768 604 1827 Auru.
634 1768 688 1841 3113,

201 1851 333 1912 etiamid
349 1860 381 1911 tu
397 1849 476 1912 scis?
520 1852 589 1911 433.
619 1851 737 1931 Quippe
756 1852 806 1930 qui
822 1871 857 1913 ex
872 1860 901 1914 13
916 1852 1021 1927 audivi,
1044 1862 1077 1913 ut
1091 1853 1201 1916 urbem
1216 1874 1278 1916 ma·

511 1954 627 1995 rumam
1238 1951 1278 2002 ua

202 2020 429 2099 expugnavisses
444 2038 605 2099 regemque
620 2021 764 2081 Pterelam
782 2029 843 2082 tute
860 2023 1012 2083 occideris.

200 2104 293 2167 Aura.
325 2089 429 2183 Egone
444 2105 520 2167 istuc
535 2103 615 2165 diri?
664 2106 733 2166 Aac.
765 2107 840 2167 Tute
855 2107 930 2179 istic,
953 2107 1040 2167 3113333
1062 2108 1199 2170 adstante
1222 2111 1278 2170 hoc

512 2191 604 2251 Sosia.

199 2273 291 2334 Auen.
327 2273 490 2335 Audivistin
513 2284 545 2335 tu
567 2293 615 2335 me
639 2292 759 2336 narrare
780 2276 852 2336 13333
875 2274 985 2336 hodie?
1040 2276 1104 2338 Sos.
1142 2277 1200 2337 Vbi
1223 2295 1276 2356 ego

510 2357 691 2419 audiverim?

200 2443 292 2502 Aura.
324 2443 406 2503 Hanc
421 2462 503 2522 roga.
547 2444 611 2504 Sos.
641 2443 687 2503 Me
710 2444 829 2521 quidem
851 2453 1007 2523 praesente
1029 2463 1194 2524 numquam
1217 2449 1275 2508 133·

510 2536 610 2602 tumst,
627 2528 706 2607 quod
722 2530 821 2589 sciam.

199 2612 270 2671 Aac.
300 2611 405 2672 Mirum
423 2613 494 2691 quin
510 2620 539 2672 13
554 2614 694 2674 advorsus
710 2612 796 2674 dicat.
841 2615 934 2674 Auen.
965 2613 1062 2687 Sosia,
1083 2616 1276 2692 agemehuc

508 2698 616 2776 aspice.
1233 2711 1276 2761 770

201 2780 265 2841 Sos.
288 2779 407 2860 Specto.
450 2782 543 2841 Auen.
567 2782 641 2842 Vera
652 2782 719 2842 volo
731 2782 813 2861 loqui
825 2790 862 2855 te,
880 2781 949 2843 nolo
963 2781 1111 2843 adsentari
1125 2783 1210 2845 mihi.

201 2865 355 2926 audivistin
371 2873 402 2926 tu
418 2865 506 2926 hodie
521 2886 569 2927 me
584 2867 625 2927 illi
642 2867 740 2927 dicere
757 2886 789 2927 33
807 2885 882 2946 quae
898 2867 946 2926 1113
960 2865 1115 2927 autumat?

200 2949 266 3011 Sos.
297 2949 413 3020 Quaeso
429 2952 543 3030 edepol,
560 2970 632 3011 num
647 2959 680 3012 tu
696 2970 815 3030 quoque
831 2952 916 3012 etiam
933 2951 1059 3025 insanis,
1076 2970 1166 3031 quom
1183 2953 1275 3015 idme

510 3037 686 3115 interrogas,

200 3117 251 3196 qui
265 3117 348 3196 ipsus
368 3119 504 3198 equidem
527 3140 608 3181 nunc
624 3121 753 3199 primum
768 3120 863 3180 istanc
883 3127 983 3180 tecum
998 3120 1151 3198 conspicio
1167 3118 1275 3183 simul‘l

200 3205 292 3263 Aura.
323 3203 400 3274 Quid
426 3223 516 3279 nunc,
539 3203 666 3265 mulier?
689 3205 778 3265 audin
799 3201 904 3264 illum?
952 3206 1022 3263 3433.
1053 3204 1116 3282 Ego
1137 3208 1220 3280 vero,
1242 3224 1276 3267 ac

510 3290 615 3351 lalsum
631 3289 738 3351 dicere.
1234 3301 1275 3352 'tto

286 3506 334 3558 733
353 3504 445 3571 pedem
458 3521 543 3558 meum
555 3509 676 3569 Botdtus]
689 3522 772 3559 meum
787 3505 878 3572 pedem
948 3507 996 3558 735
1015 3505 1057 3557 *id
1070 3504 1132 3573 quid
1145 3509 1195 3568 331]
1215 3506 1275 3574 qnid

199 3571 283 3623 idest
387 3576 436 3626 736
454 3591 504 3625 non
524 3574 626 3641 quidem
649 3576 734 3627 hercle
758 3575 790 3626 de
812 3575 860 3626 hac
881 3589 909 3625 re
929 3573 1099 3625 Commorim
1121 3572 1167 3637 (ef.
1186 3573 1276 3627 Luchs

199 3655 290 3759 qgguq
304 3642 428 3758 11363331
444 3642 486 3707 10)
563 3645 620 3760 (1737
639 3642 808 3694 3131311303Ὶ
831 3711 840 3760 l
893 3643 943 3724 738
961 3641 1100 3762 conqqagnilp⁸
1113 3641 1200 3761 effi

200 3775 250 3824 744
268 3710 596 3842 3133111113131111131031131
611 3713 1003 3844 31131118111113111131113111111333.
1019 3776 1023 3844 Ι
1038 3725 1121 3828 Α333111
1139 3776 1180 3828 An
1197 3779 1276 3831 etiarn

199 3843 247 3892 747
266 3841 334 3893 istud
353 3844 403 3895 dixi
423 3846 448 3894 Ι)
518 3848 566 3898 748
585 3846 634 3896 hoc
647 3846 671 3897 lr.
684 3847 716 3908 E,
736 3845 811 3897 hodie
829 3846 892 3897 13333
903 3846 1090 3897 Fleckeisenus
1159 3846 1276 3899 749133·

198 3911 239 3959 tus
257 3914 298 3960 331
314 3911 401 3962 BD¹E
470 3916 519 3965 rol
537 3915 609 3980 ipsos
626 3913 725 3964 B¹D¹E
792 3915 840 3964 ista
860 3914 946 3966 neB¹
1015 3915 1064 3965 755
1083 3913 1126 3979 qui
1144 3913 1223 3966 BDE

198 3990 248 4042 ego
265 4005 298 4016 -
317 3978 399 4031 credis
417 3980 486 4045 (756)
505 3997 555 4035 om.
574 3981 660 4033 B¹DE
943 4003 946 4006 ⁴
