2594 4576
194 210 234 270 36
671 205 789 259 reatu
814 211 816 217 ’
1108 224 1281 278 namo-eso

193 387 286 446 Auen.
315 381 421 443 Nescio
438 381 503 459 quis
519 380 740 460 praestrigiator
755 380 831 440 hanc
848 380 1018 441 frustratust
1033 380 1201 443 mulierem.
1233 393 1278 445 830

193 471 263 529 Aac.
294 467 350 528 Per
366 465 498 546 supremi
513 466 592 544 regis
607 483 734 544 regnum
748 465 861 525 iuroet
875 473 999 525 matrem
1014 465 1140 528 familias

195 553 352 628 lunonem,
368 570 456 632 quam
472 569 520 611 me
534 551 629 610 vereri
645 557 674 609 et
688 558 821 610 metuere
836 558 885 610 est·
895 568 949 628 par
964 567 1109 626 maxume,

194 647 228 699 ut
243 638 283 699 mi
299 646 378 700 extra
394 654 487 697 unum
503 644 532 695 tc
546 635 679 695 mortalis
695 653 783 695 nemo
801 653 910 714 corpus
925 652 1052 713 corpore

195 724 330 801 contigit,
355 740 413 801 quo
435 739 484 780 me
499 720 677 799 impudicam
692 721 811 780 laceret.
855 719 949 780 Auen.
979 719 1053 780 Vera
1069 719 1160 782 istaec
1177 722 1275 784 velim.

194 809 264 869 Ano.
295 808 369 868 Vera
385 807 460 879 dico,
477 806 527 866 sed
544 805 734 883 nequiquam,
751 805 891 883 quoniam
907 824 967 865 non
985 805 1027 865 vis
1042 806 1175 868 credere.
1233 818 1278 868 885

195 894 288 954 Anrn.
310 892 471 965 Mulieres,
487 889 626 951 audacter
640 890 727 950 iuras.
771 890 841 949 Aac.
865 889 947 960 Quae
963 908 1026 949 non
1039 889 1172 969 deliquit,
1188 892 1279 954 decet

194 979 334 1038 audacem
351 993 426 1050 esse,
442 976 628 1036 confidenter
642 993 697 1053 pro
712 992 743 1034 se
760 982 789 1034 et
804 983 940 1052 proterve
954 974 1046 1052 loqui.

194 1065 287 1123 Auru.
318 1060 393 1122 Satis
416 1061 562 1121 audacter.
606 1059 676 1120 Ano.
706 1059 744 1118 Vt
765 1059 901 1138 pudicam
920 1059 1014 1120 decet.
1056 1061 1151 1121 Auru.
1183 1060 1277 1124 Enim

504 1145 602 1206 verbis
616 1144 735 1224 probas.
905 1151 907 1154 ’

195 1231 264 1291 Asc.
295 1231 361 1290 Non
378 1248 433 1308 ego
449 1230 528 1291 illam
543 1230 614 1290 mihi
629 1230 727 1290 dotem
743 1229 819 1290 duco
836 1248 910 1303 esse,
928 1247 1004 1308 quae
1020 1229 1073 1291 dos
1087 1229 1208 1307 dicitur,

196 1317 248 1377 sed
262 1315 433 1395 pudicitiam
449 1324 479 1375 et
493 1316 639 1394 pudorem
655 1323 686 1374 et
700 1313 833 1375 sedatum
850 1314 1030 1393 cupidinem,
1233 1325 1278 1378 84⁰

195 1400 283 1461 deum
298 1408 420 1474 metum,
435 1408 594 1479 parentum
610 1417 740 1460 amorem
757 1409 786 1459 et
795 1409 960 1478 cognatum
976 1399 1177 1475 concordiam,

195 1484 247 1546 tibi
263 1485 412 1564 morigera
426 1493 514 1563 atque
529 1493 562 1545 ut
576 1484 714 1545 munifica
730 1484 784 1546 sim
800 1484 896 1558 bonis,
912 1484 1024 1564 prosim
1039 1484 1152 1563 probis.

195 1570 260 1631 Sos.
289 1570 333 1630 Ne
347 1570 401 1632 ista
418 1569 537 1648 edepol,
556 1569 580 1630 si
596 1570 668 1630 haec
683 1588 749 1629 vera
764 1569 905 1647 loquitur,
921 1569 1125 1630 examussimst
1140 1579 1276 1650 optuma.

194 1656 288 1716 Auen.
318 1655 472 1716 Delenitus
486 1674 551 1716 sum
566 1655 701 1733 prolecto
716 1654 766 1728 ita,
782 1661 815 1714 ut
830 1672 877 1714 me
894 1655 944 1732 qui
961 1654 1015 1715 sim
1031 1654 1171 1715 nesciam.

195 1739 260 1801 Sos.
288 1740 466 1819 Amphitruo
482 1759 513 1801 es
528 1741 671 1819 prolecto,
688 1757 756 1800 cave
771 1739 811 1800 sis
827 1758 864 1799 ne
881 1749 913 1799 tu
928 1745 957 1799 te
973 1757 1029 1800 usu
1044 1739 1181 1818 perduis:
1232 1751 1277 1802 845

194 1825 233 1884 ita
250 1843 332 1885 nunc
346 1825 482 1885 homines
496 1825 691 1896 inmutantur,
706 1832 865 1903 postquam
879 1842 1004 1902 peregre
1020 1825 1202 1886 advenimus.

194 1909 287 1969 Auru.
319 1908 432 1981 Mulier,
448 1909 533 1969 istam
550 1927 613 1969 rem
628 1909 798 1987 inquisitam
814 1917 957 1970 certumst
972 1928 1034 1969 non
1051 1909 1197 1970 amittere.

194 1995 264 2054 Ano.
287 1993 401 2072 Edepol
416 2012 463 2053 me
478 1992 600 2054 lubente
615 1993 713 2054 facies.
745 1995 836 2053 Auen.
852 1993 937 2065 -Quid
950 1991 1011 2054 ais?
1026 1994 1177 2073 responde
1189 1995 1275 2057 milri.

194 2078 265 2157 quid
281 2078 305 2139 si
321 2078 434 2139 adduco
450 2088 532 2139 tuom
549 2086 707 2157 cognatum
722 2078 781 2138 huc
796 2097 812 2138 a
828 2079 1096 2152 naviNaucratem,

195 2163 246 2242 qui
261 2181 377 2224 mecum
392 2182 452 2223 una
466 2173 580 2225 vectust
594 2182 653 2223 una
671 2163 745 2237 navi,
760 2172 848 2242 atque
863 2163 888 2224 is
903 2163 926 2225 si
943 2163 1069 2242 denegat
1232 2175 1276 2226 858

194 2249 270 2309 lacta
286 2267 362 2327 quae
376 2256 408 2309 tu
425 2249 500 2309 facta
514 2248 598 2329 dicis,
615 2247 685 2327 quid
700 2247 754 2308 tibi
769 2256 923 2326 aequomst
936 2246 1022 2308 lieri?

195 2333 339 2412 numquid
357 2352 473 2394 causam
489 2333 571 2406 dicis,
588 2333 660 2411 quin
677 2342 705 2392 te
721 2333 777 2393 hoc
792 2334 913 2394 multem
930 2330 1141 2394 matrimonio?

195 2419 264 2477 Asc.
295 2418 326 2477 Si
341 2417 461 2496 deliqui,
478 2418 558 2477 nulla
573 2425 697 2478 causast.
740 2418 834 2478 Auru.
864 2417 1017 2479 Convenit.
1046 2427 1089 2491 tu,
1105 2417 1200 2492 Sosia,

195 2500 252 2562 duc
267 2503 322 2562 hos
336 2501 426 2562 intro.
457 2519 512 2579 ego
527 2501 586 2562 huc
601 2502 637 2561 ab
653 2501 719 2562 navi
734 2520 852 2563 mecum
869 2503 1010 2564 adducam
1026 2503 1215 2564 Naucratem.
1231 2537 1275 2548 —

196 2585 260 2647 Sos.
277 2586 362 2646 Nunc
375 2585 492 2664 quidem
506 2594 624 2665 praeter
635 2605 692 2648 nos
703 2596 829 2648 nemost.
856 2588 903 2648 dic
915 2587 986 2647 milri
998 2606 1100 2648 verum
1112 2587 1207 2648 serio:
1231 2598 1275 2649 855

196 2670 298 2749 ecquis
312 2670 387 2732 alius
403 2671 485 2732 Sosia
500 2671 604 2745 intust,
621 2671 673 2750 qui
688 2672 745 2732 mei
762 2673 864 2734 similis
879 2670 955 2734 siet?

194 2756 265 2815 Aac.
295 2753 373 2815 Abin
396 2755 467 2816 hinc
487 2773 503 2815 a
525 2774 573 2816 me
594 2755 702 2834 dignus
724 2755 844 2818 domino
867 2757 988 2819 servos‘l
1033 2757 1097 2818 Sos.
1128 2757 1226 2832 Abeo,
1250 2758 1274 2820 si

505 2840 599 2902 iubes.
615 2875 657 2886 —-
908 2873 909 2877 ,
1200 2913 1203 2917 ⁸

195 2924 264 2983 Asc.
295 2925 387 2985 Nimis
403 2933 517 2986 ecastor
531 2926 645 2987 facinus
660 2925 805 3000 mirumst,
822 2927 873 3004 qui
888 2926 931 2987 illi
946 2924 1132 2987 conlubitum
1147 2925 1205 2987 siet

195 3026 262 3069 meo
277 3009 340 3069 viro
355 3009 398 3070 sic
413 3027 461 3070 me
475 3010 647 3072 insimulare
662 3011 734 3072 lalso
750 3011 865 3073 lacinus
879 3020 938 3072 tam
954 3011 1073 3071 malum.

197 3092 338 3171 quidquid
354 3100 407 3169 est,
423 3094 480 3154 iam
497 3114 531 3156 ex
546 3095 692 3157 Naucrate
707 3105 832 3174 cognato
848 3096 878 3157 id
894 3113 1072 3174 cognoscam
1088 3113 1165 3155 meo.
1230 3105 1275 3156 860

280 3311 330 3362 830
347 3309 430 3361 Auru.
448 3311 572 3374 Botdius]
590 3328 642 3366 om.
711 3312 889 3379 praestigiator
957 3311 1107 3363 *frustretur
1125 3311 1202 3362 codd

196 3379 243 3431 831
263 3391 410 3442 supremum
422 3378 468 3443 D’,
486 3380 654 3444 supremoD¹
723 3381 772 3433 834
791 3380 983 3447 proptervel),
1034 3380 1084 3432 838
1101 3379 1168 3431 euim
1185 3379 1274 3431 Loch-

195 3449 318 3509 mtmnus]
337 3445 362 3496 in
432 3450 495 3497 ante
513 3449 562 3500 839
580 3448 748 3499 intercidisse
761 3448 867 3513 aliquid
882 3448 1018 3499 intellecit
1029 3446 1188 3499 diddeclu'us
1207 3448 1225 3500 t.
1237 3465 1274 3512 s.,·

196 3512 265 3563 idem
284 3529 308 3564 o.
326 3513 379 3567 838
396 3514 597 3580 dittograplu'ae
615 3518 711 3567 tribuit
727 3514 772 3580 (cs.
791 3515 851 3583 886)
929 3518 978 3570 889
997 3531 1054 3567 esse
1073 3514 1139 3567 duco
1158 3516 1275 3566 Betdius

197 3582 247 3632 842
265 3580 398 3634 munificas
415 3583 441 3634 in
454 3582 529 3634 bonis
541 3583 616 3633 Bne
684 3585 733 3637 843
752 3598 812 3635 vera
830 3584 893 3636 haec
906 3583 1011 3636 Nonius
1081 3585 1130 3636 844
1148 3581 1274 3636 delinitus

197 3649 245 3700 847
265 3648 346 3701 istanc
364 3649 400 3699 13²
476 3652 526 3702 849
543 3650 594 3702 huc
612 3651 654 3713 [ad
676 3654 710 3714 te]
729 3651 871 3703 Muellerus
939 3656 1084 3703 naucretam
1102 3650 1204 3701 B¹D¹E

197 3717 246 3768 858
265 3716 326 3782 quid
343 3717 369 3765 D
448 3721 523 3769 vetus
541 3723 581 3769 est
596 3719 642 3783 Be,
659 3718 743 3771 victus
761 3724 801 3771 est
817 3721 857 3769 Da
943 3722 994 3772 854
1011 3720 1089 3771 hosce
1108 3719 1275 3771 Schmidte'us

196 3781 321 3834 abducam
337 3785 412 3835 BDE
489 3787 538 3838 855
556 3790 641 3838 utrum
658 3787 684 3835 D
762 3789 812 3839 856
829 3787 894 3839 meis
911 3788 997 3839 BD¹E
1078 3789 1127 3840 858
1145 3786 1273 3840 conlitum

196 3849 283 3900 8οἛ
359 3854 409 3904 859
428 3852 492 3906 salso
510 3853 719 3918 Ltndemonmts]
737 3853 829 3907 falsum
910 3857 960 3908 860
978 3855 1003 3906 id
1022 3860 1131 3921 cognato
1152 3855 1275 3922 (lugetur
