2594 4576
114 229 157 287 66
593 227 716 282 Ptfflt
1054 249 1198 302 uzu-101

116 401 208 462 Laos.
238 386 287 462 iu
301 419 333 463 se
348 400 388 461 ob
402 401 503 462 asinos
518 401 596 462 terre
610 412 768 480 argeutum
784 403 908 465 atriensi
923 404 1070 483 Saureae,

114 487 220 565 rlginti
233 487 339 548 minas
369 486 420 547 sed
435 505 504 547 eum
518 505 585 547 sese
600 493 662 548 non
679 506 768 548 nosse
782 488 935 550 hominem
952 496 1007 569 qul
1021 493 1098 567 siet3

115 571 212 650 ipsum
227 590 297 632 rero
312 591 344 632 se
360 571 476 632 novisse
491 571 595 632 callide
610 572 833 633 Demaenetum.

115 657 256 735 quoniam
271 657 321 718 ille
334 655 470 717 elocutus
483 654 556 716 haec
570 657 614 717 sic
627 690 671 701 —
713 657 776 717 Lm
799 657 877 729 Quid
889 656 978 720 tum‘l
1023 660 1120 723 Lnon.
1138 662 1193 723 Au·

470 740 564 801 sculta
577 758 666 820 ergo;
681 741 767 802 scies.
1154 756 1194 807 att

114 826 262 905 extemplo
277 827 352 886 facio
367 824 495 885 facetum
510 843 558 886 me
573 836 662 904 atquc
675 826 866 904 magnificum
881 828 990 903 urum,

113 911 181 971 dico
196 910 264 971 med
279 929 343 971 esse
357 910 526 970 atriensem.
555 911 599 971 sic
613 912 671 971 hoc
685 911 840 990 respondit
853 912 943 973 mihi:

110 987 179 1073 ‘ego
194 994 246 1074 pol
260 994 401 1055 Sauream
417 1013 478 1055 non
494 996 563 1055 nori
578 1013 676 1074 neque
692 1014 751 1074 qna
766 997 840 1057 facie
856 996 894 1058 sit
908 997 983 1059 scio.

113 1090 143 1140 te
158 1099 221 1141 non
233 1090 388 1158 aequomst
401 1098 586 1141 suscensere.
614 1081 640 1140 si
655 1098 739 1141 emm
753 1081 798 1142 ris
812 1081 1041 1157 Demaenetum,

113 1183 202 1244 quem
217 1183 274 1242 ego
286 1165 364 1237 nori,
378 1164 506 1225 adduce:
521 1174 677 1244 argentum
690 1184 752 1226 non
765 1165 908 1227 morabor
919 1168 994 1245 quin
1008 1159 1108 1231 teras?
1151 1179 1192 1230 355

113 1267 169 1328 ego
185 1268 232 1310 me
247 1249 306 1311 dixi
320 1269 403 1311 erum
419 1249 614 1311 adducturum
631 1260 661 1310 et
675 1268 723 1310 mc
738 1251 817 1311 domi
833 1260 952 1329 praesto
968 1253 1050 1330 tore3

112 1335 162 1395 ille
176 1335 208 1394 in
224 1335 356 1396 balineas
370 1335 488 1406 iturust,
504 1334 573 1394 inde
588 1335 647 1395 huc
661 1334 760 1395 reniet
775 1344 889 1414 postea.

113 1420 183 1498 quid
199 1438 281 1480 nunc
296 1419 401 1480 consili
415 1417 595 1498 captandum
610 1417 737 1480 censes?
751 1420 807 1481 dic.
852 1421 915 1481 Lm.
945 1420 1003 1482 Em
1018 1423 1099 1486 istuc
1114 1442 1176 1504 ago,

112 1523 172 1583 quo
188 1505 276 1565 modo
291 1513 414 1584 argento
429 1504 622 1564 intervortam
637 1513 666 1564 et
681 1503 871 1566 adventorem
886 1515 917 1566 et
931 1505 1088 1569 Sauream.

111 1589 170 1649 iam
184 1589 241 1650 hoc
255 1608 331 1669 opus
346 1598 390 1650 est
404 1586 426 1664 †
440 1597 641 1663 exasceatum3
658 1590 765 1650 namsi
780 1590 829 1650 ille
844 1598 1003 1669 argentum
1019 1594 1107 1672 prius
1148 1602 1190 1654 50)

111 1673 220 1754 hospes
234 1675 293 1736 huc
307 1676 403 1746 affert,
417 1675 563 1735 continuo
578 1693 634 1735 nos
649 1672 736 1734 ambo
752 1674 863 1736 exclusi
877 1693 991 1737 sumus.

111 1777 180 1820 nam
195 1777 243 1820 me
256 1760 344 1820 hodie
359 1778 449 1821 senex
463 1759 580 1820 seduxit
593 1758 689 1819 solum
704 1777 821 1820 sorsum
836 1758 873 1820 ab
889 1759 1029 1824 aedibus:

110 1843 182 1904 mihi
198 1842 311 1922 tibique
325 1844 545 1904 interminatust
562 1862 617 1904 nos
628 1845 745 1905 futuros
760 1844 883 1917 ulmeos,

111 1927 143 1988 ni
156 1927 246 1988 hodie
260 1929 427 2008 Argyrippo
442 1938 542 1989 essent
556 1927 659 2006 viginti
674 1929 789 2007 argenti
802 1928 916 2005 minae;

110 2011 196 2073 iussit
210 2012 257 2073 rel
271 2008 326 2073 iios
340 2013 499 2074 atriensem
512 2012 559 2073 rel
574 2031 630 2073 nos
646 2031 768 2073 uxorem
784 2032 867 2074 suam
1147 2025 1189 2077 505

110 2097 293 2171 defraudare,
309 2097 383 2158 dixit
396 2115 461 2159 sese
477 2115 598 2177 operam
614 2098 791 2177 promiscam
806 2098 886 2159 dare.

110 2201 192 2244 nuno
208 2192 240 2244 tu
254 2183 303 2244 abi
318 2184 353 2245 ad
368 2184 466 2244 sorum
482 2182 517 2244 ad
529 2201 614 2244 erum
625 2192 655 2243 et
665 2201 753 2243 narra
764 2183 837 2243 haec
849 2192 881 2244 ut
893 2202 949 2244 nos
959 2183 1058 2246 acturi
1070 2203 1186 2247 sumusa

109 2275 139 2328 te
155 2287 190 2328 ex
205 2269 335 2330 Leonida
347 2270 479 2330 futurum
496 2287 560 2330 esse
575 2268 732 2330 atriensem
750 2268 900 2343 Sauream,

109 2352 179 2413 dum
200 2363 357 2433 argentum
376 2355 478 2414 aderat
497 2361 646 2413 mercator
664 2371 720 2433 pro
741 2352 840 2414 asinis.
891 2351 982 2413 Lnou.
1021 2352 1143 2415 Faciam
1156 2360 1188 2415 ut

460 2436 553 2498 iubes.

108 2519 171 2580 Lm.
198 2521 261 2600 Ego
273 2521 354 2582 illum
366 2521 478 2582 interea
487 2521 536 2582 hic
547 2519 711 2593 oblectabo,
726 2522 810 2600 prius
821 2521 845 2583 si
857 2521 933 2582 sorte
943 2522 1110 2585 advenerit.
1145 2533 1188 2584 ato

107 2604 200 2665 Laos.
231 2606 308 2676 Ouid
324 2604 387 2666 ais?
431 2606 493 2666 Lm.
524 2602 680 2676 Quidvis?
723 2606 814 2666 Laos.
845 2606 951 2685 Pugno
967 2607 1076 2669 malam
1092 2609 1119 2672 si
1134 2607 1186 2670 tibi

464 2708 650 2770 percussero,

107 2793 176 2836 mox
192 2792 281 2854 quom
297 2775 327 2835 in
345 2774 484 2836 Sauream
499 2774 647 2848 mutabor,
663 2783 763 2835 caveto
779 2793 818 2835 ne
834 2793 1018 2838 suscenseas.

107 2860 169 2921 Lm
201 2860 307 2921 Hercle
322 2878 391 2921 roro
406 2868 440 2921 tu
454 2859 571 2922 carebis
586 2878 624 2920 ne
639 2876 686 2919 me
701 2860 836 2939 attingas,
852 2860 875 2921 si
891 2860 979 2939 sapis,

108 2949 146 3006 ne
161 2945 249 3006 hodie
265 2945 342 3006 malo
358 2963 426 3007 oum
442 2945 575 3025 auspicio
591 2961 701 3005 nomen
717 2945 954 3006 commutaveris.

191 3161 241 3213 347
260 3161 293 3213 ab
311 3161 397 3214 asinos
415 3162 462 3227 Dr,
481 3177 526 3228 pro
544 3162 624 3214 asinis
640 3159 786 3213 Muellerus
854 3165 904 3216 348
922 3162 1027 3214 novisse
1045 3163 1117 3227 (sese
1135 3163 1185 3216 dal.

106 3229 257 3294 Varinga‘as)
327 3231 377 3283 349
388 3235 450 3297 post
461 3232 510 3283 350
530 3231 614 3295 codd,
632 3246 703 3282 corr.
715 3230 869 3292 Aoa'alala'ur,⁸
886 3231 934 3281 aed
946 3246 970 3281 o.
982 3229 1035 3282 349
1051 3234 1128 3282 reeta
1144 3233 1186 3282 50-

104 3297 213 3348 daaa'm
229 3298 336 3349 videtur
354 3298 498 3364 Longanos
593 3300 643 3352 350
661 3298 790 3350 elocutust
806 3297 995 3349 Fleckeisaaas
1091 3298 1127 3350 sit
1144 3299 1186 3362 tt,-

105 3365 143 3417 aio
161 3370 187 3416 et
204 3367 248 3416 laic
265 3370 292 3416 et
309 3382 333 3417 0.
349 3366 402 3418 352
418 3365 566 3417 Leonidam
586 3367 725 3431 significat
745 3380 825 3430 agere
846 3367 976 3431 hospitem
1072 3367 1126 3420 352
1143 3381 1185 3420 me

105 3433 127 3484 si
144 3433 181 3484 Ba
301 3435 351 3487 356
369 3433 421 3486 dixi
439 3447 509 3485 erum
526 3434 677 3496 Acidaliae]
695 3432 807 3484 dixeram
928 3435 977 3487 att
995 3431 1064 3484 unde
1083 3434 1112 3485 in
1130 3433 1185 3485 hal-

104 3514 167 3552 neas
184 3516 260 3569 cyrus
278 3501 337 3553 inde
355 3501 397 3553 hic
413 3501 473 3552 veni
490 3500 596 3552 Nouius
698 3500 750 3564 ille]
776 3500 818 3552 ine
835 3501 937 3554 ataid.
955 3501 995 3551 Da
1101 3501 1185 3554 iturus

104 3581 133 3620 es
150 3568 176 3617 D
279 3572 328 3623 358
347 3569 404 3621 hem
508 3569 557 3621 360
575 3569 706 3620 exasciato
723 3569 864 3619 Acidaliae
961 3567 1027 3619 ‘iam
1045 3566 1097 3621 hdo
1114 3571 1144 3634 (ἰ.
1162 3586 1185 3622 e.

105 3633 163 3699 lanc)
188 3641 265 3702 opust
285 3651 362 3689 senex
380 3635 492 3688 dcciatur
512 3636 556 3686 ool
572 3639 664 3702 potiar
680 3636 816 3699 aocieatur,
835 3633 870 3695 of.
888 3636 945 3688 atta
963 3636 1013 3688 935
1033 3650 1083 3702 ego
1110 3637 1186 3690 illurn

104 3729 138 3740 -
156 3702 206 3755 huc
223 3706 312 3757 accibo
330 3705 372 3755 ool
385 3708 478 3770 potiar
495 3703 599 3755 acciebo
696 3705 748 3756 364
765 3704 858 3769 viginti
876 3708 963 3756 esseut
981 3703 1098 3770 Pylades

104 3770 154 3821 366
181 3786 284 3837 operam
311 3787 368 3825 sese
396 3772 565 3824 Camerarius
689 3771 841 3838 promissam
868 3772 956 3836 codd,
983 3786 1054 3823 corr.
1080 3773 1186 3825 Palme-

103 3839 162 3888 νέω
231 3841 280 3891 att
298 3838 339 3891 *in
358 3838 479 3892 Sauream
497 3839 624 3902 mutabor]
648 3836 769 3891 Sauream
788 3838 907 3891 imitabor
976 3853 1039 3891 cave
1058 3842 1085 3891 tu
1103 3841 1186 3892 Baal-

101 3906 190 4025 palm
207 3906 255 3956 aad
277 3905 311 3968 cf.
336 3907 409 3974 Capt.
427 3909 477 3962 431
500 3910 536 3972 (at
559 3906 634 3960 Serv.
651 3908 717 3960 Aen.
735 3908 760 3973 4,
778 3907 839 3971 409)
942 3907 992 3959 353
1011 3907 1033 3959 si
1052 3922 1094 3959 me
1114 3909 1187 3978 sapis
