2594 4576
45 261 109 313 771,
117 260 193 307 to-tt
500 236 678 292 Baccutous

12 488 16 493 ,
47 434 142 497 quem
160 416 183 477 si
200 431 281 476 orem
297 422 332 474 ut
345 413 416 474 mihi
432 413 506 475 nihil
522 415 630 489 credat,
646 415 673 475 id
691 435 751 478 uon
768 417 844 478 ausit
858 421 989 482 credere.

49 502 146 564 binas
177 501 271 561 Immo
286 499 311 560 si
326 499 426 560 audias
442 517 516 577 quae
533 500 609 560 dicta
625 501 697 562 dixit
711 519 758 563 me
773 503 929 566 advorsum
945 506 1007 567 tibi.

50 587 158 650 (burs.
188 585 266 655 Quid
285 582 379 645 dixit?
423 584 514 645 Mnus.
546 584 577 644 si
598 594 629 647 tu
653 587 734 647 illum
757 589 851 649 solem
873 590 928 651 sibi
951 592 1042 653 solem
1065 613 1129 656 esse

412 669 535 741 dicares,

50 776 87 820 se
103 756 185 818 illum
201 755 303 816 lunam
319 754 441 814 credere
457 773 521 816 esse
537 762 566 814 et
581 764 699 816 noctem
716 757 765 834 qui
782 778 863 820 nunc
878 769 922 821 est
937 761 1007 823 dies.
1087 774 1130 823 tot

53 843 160 906 Cunus.
182 840 351 917 Emungam
363 839 462 984 herqlc
473 839 623 900 hominem
636 841 730 920 probe
740 843 836 917 hodie,
854 864 893 905 nc
908 845 936 905 id
949 847 1129 926 nequiquam

433 935 527 984 rxcrrt.

54 1011 150 1073 bluns.
185 1010 271 1070 Nunc
295 1009 364 1087 quid
389 1009 508 1070 uosvis
531 1007 650 1069 lacere?
704 1010 806 1074 Cnnrs.
844 1015 930 1076 Enim
955 1016 997 1077 nil
1020 1018 1075 1078 nisi
1099 1028 1132 1079 ut

413 1094 516 1154 ametis
530 1094 653 1173 impero.

51 1188 190 1243 ceterum
207 1188 352 1258 quantum
367 1176 451 1239 lubet
466 1198 512 1239 me
528 1180 673 1258 poscitote
689 1199 808 1243 aurum:
827 1201 882 1263 ego
897 1185 982 1246 dabo.

54 1265 129 1345 quid
144 1265 215 1325 mihi
230 1265 321 1325 refert
338 1263 477 1343 Chrysalo
494 1283 557 1326 esse
573 1283 693 1337 nomen,
711 1267 766 1328 nisi
782 1268 866 1329 lactis
883 1268 1001 1348 probol

10 1422 13 1429 Ι
52 1351 110 1413 sed
127 1368 209 1411 nunc
225 1349 399 1429 quantillum
416 1356 500 1410 usust
516 1350 580 1410 auri
595 1349 658 1424 tibi,
675 1351 877 1414 Mnesiloche?
893 1355 939 1416 dic
954 1356 1035 1416 mihi.
1091 1368 1134 1418 705

53 1435 150 1497 bluns.
181 1434 264 1495 Militi
280 1435 409 1495 nummis
424 1433 560 1495 ducentis
575 1435 633 1495 iam
648 1454 719 1498 usus
734 1446 779 1499 est
793 1456 848 1517 pro
864 1440 1018 1502 Bacchide.

10 1556 12 1561 ·
55 1519 162 1583 Cnnrs.
184 1518 248 1599 Ego
264 1519 350 1580 dabo.
395 1519 486 1580 Mnus.
510 1519 585 1579 Tum
602 1518 689 1580 nobis
705 1540 780 1600 opus
796 1533 840 1584 cst
855 1534 985 1604 sumptu.
1031 1526 1133 1588 Cnnrs.

416 1604 470 1676 Ah,
486 1603 601 1682 placide
617 1605 682 1664 volo

10 1742 12 1749 .
54 1709 153 1753 unum
169 1689 301 1768 quidque
316 1705 451 1765 agamus:
469 1688 525 1748 hoc
541 1688 592 1749 ubi
607 1706 705 1765 egero,
722 1697 785 1750 turn
800 1690 876 1751 istuc
891 1710 984 1770 agam.

10 1814 12 1831 ,
56 1776 96 1837 de
112 1774 249 1836 ducentis
265 1773 392 1834 nummis
409 1773 538 1851 primum
554 1773 706 1834 intendam
722 1774 866 1835 ballistam
883 1777 913 1837 in
931 1796 1048 1859 senem3

10 1886 12 1939 g
54 1879 92 1923 ea
109 1859 223 1921 ballista
239 1858 264 1920 si
279 1866 447 1939 pervortam
464 1858 568 1918 turrim
583 1865 613 1919 et
628 1859 861 1938 propugnacula,
1093 1872 1136 1923 tto

10 1950 17 1991 ²·
55 1953 141 2008 recta
156 1953 241 2024 porta
256 1944 392 2004 invadam
408 1944 556 2023 extemplo
571 1944 602 2003 in
620 1945 761 2024 oppidum
776 1945 908 2007 anticum
924 1955 1064 2009 etvetus:

10 2040 16 2055 ‘
57 2031 86 2094 si
100 2030 132 2091 id
146 2048 245 2110 capso,
261 2029 386 2108 geritote
401 2028 502 2090 amicis
517 2029 622 2089 vostris
638 2046 742 2089 aurum
759 2030 909 2105 corbibus

59 2115 140 2178 sicut
155 2115 272 2176 animus
286 2123 393 2193 sperat.
440 2114 514 2174 Prsr.
546 2114 631 2192 Apud
646 2122 703 2174 test
718 2115 835 2176 animus
854 2125 964 2188 noster,
989 2116 1135 2196 Chrysale.

59 2200 165 2263 Cunus.
195 2199 282 2260 Nunc
298 2209 330 2259 tu
346 2198 393 2259 abi
409 2197 498 2271 intro,
514 2198 685 2272 Pistoclere,
701 2198 736 2258 ad
753 2200 937 2274 Bacchidem,
954 2208 1042 2278 atquo
1059 2201 1137 2261 ecler

419 2282 478 2343 cito

10 2402 18 2409 ··
60 2371 140 2433 Prsr.
171 2366 271 2440 Ouidi
316 2366 418 2428 Cunus.
448 2367 569 2440 Shlnm,
592 2385 690 2428 ceram
706 2375 736 2428 et
752 2368 890 2443 tabellas,
912 2369 1015 2431 linum.
1061 2369 1137 2430 Prsr.

15 2488 18 2495 -
423 2452 483 2512 lam
498 2453 564 2512 laxo
582 2452 629 2513 hic
645 2460 742 2512 erunt.
758 2489 800 2498 -
1096 2463 1140 2514 715

60 2539 155 2600 Mnus.
187 2537 263 2608 Quid
281 2556 362 2599 nunc
378 2556 410 2598 es
426 2534 579 2598 facturus?
602 2537 631 2597 id
652 2538 723 2598 mihi
739 2538 811 2600 dico.
857 2539 958 2600 Cunus.
990 2538 1141 2600 Coctumst

422 2619 603 2702 prandium?

59 2727 115 2770 ros
131 2708 190 2768 duo
205 2706 287 2767 eritis
302 2714 390 2784 atque
405 2707 498 2767 amica
514 2716 563 2767 tua
580 2707 636 2768 erit
651 2716 747 2768 tecum
763 2707 870 2769 tertia?

10 2806 17 2835 '·
61 2794 157 2854 Mnus.
188 2791 270 2852 Sicut
290 2790 370 2852 dicis.
427 2791 528 2852 Cunus.
564 2791 723 2852 Pistoclero
752 2793 832 2853 nulla
858 2789 998 2853 amicast?
1049 2792 1140 2852 Mnus·

10 2876 12 2881 '
423 2874 515 2936 lmmo
530 2876 627 2936 adest:

10 2966 17 2975 '
61 2962 188 3023 alteram
204 2958 252 3020 ille
268 2969 345 3021 amat
359 2978 502 3035 sororem,
519 2979 574 3038 ego
591 2960 722 3034 alteram,
738 2960 838 3020 ambas
854 2960 1023 3022 Bacchides.

63 3047 171 3108 Cunus.
202 3044 325 3116 Quidtu
342 3043 485 3125 loquere?
529 3045 620 3106 Mnus.
653 3045 995 3108 anutsuturisumus.
1040 3045 1141 3106 Cunus.

10 3148 13 3153 ·
427 3129 508 3191 Vbist
523 3129 677 3191 biclinium
1101 3140 1144 3190 710

15 3232 21 3241 ·
63 3215 150 3278 vobis
165 3212 311 3277 stratum?
356 3213 446 3277 Mnus.
478 3214 553 3286 Quid
576 3215 605 3275 id
627 3213 803 3294 exquaeris‘l
848 3215 950 3276 Cunus.
982 3213 1038 3274 Res
1061 3213 1142 3274 itast:

427 3299 484 3360 dici
499 3300 574 3360 volo.

16 3446 21 3457 ,
63 3385 167 3448 nescis
183 3385 253 3463 quid
269 3402 324 3464 ego
341 3393 461 3447 acturus
476 3384 531 3446 sim
548 3403 604 3445 nec
619 3384 734 3446 lacinus
750 3393 895 3465 quantum
910 3381 1054 3444 exordiar.

155 3588 203 3640 697
223 3586 287 3638 nibil
305 3586 408 3638 mihic
486 3588 535 3639 699
555 3586 639 3652 quic
715 3585 842 3640 dixeris:
920 3586 967 3637 tot
988 3583 1146 3646 emugamB

64 3657 119 3708 702
138 3654 183 3718 nil]
202 3654 265 3707 nibil
285 3658 325 3707 est
342 3654 424 3706 3¹01)
517 3657 564 3706 705
585 3653 735 3720 quantulum
755 3653 798 3704 01)
885 3666 973 3703 aurum
991 3655 1023 3701 ut
1040 3650 1091 3702 oid.
1112 3649 1146 3699 13¹

65 3726 119 3776 707
139 3727 259 3788 sumptu·
279 3724 310 3787 B,
329 3721 450 3788 sumptud
467 3721 625 3773 llitacbalt'ua
642 3738 702 3773 nov.
715 3737 772 3772 occ.
784 3720 824 3785 77,
843 3725 960 3786 sumptus
978 3719 1147 3769 Fritzscbiua

64 3791 126 3843 ind.
145 3789 217 3842 licat.
237 3791 312 3855 tata,
331 3791 347 3842 7
352 3810 362 3854 ;
379 3791 568 3841 Lachmanoaaa
585 3791 622 3841 ad
639 3790 719 3841 Lacr.
740 3787 789 3841 120
857 3802 886 3839 a*
910 3786 954 3839 01)
1035 3789 1084 3840 709
1103 3788 1147 3838 ba-

65 3858 157 3912 listam
175 3858 237 3909 BD²
323 3863 372 3912 710
391 3858 536 3911 etaballista
556 3857 621 3922 011²,
640 3856 811 3910 etaballistam
830 3856 866 3905 1)ι
953 3858 1003 3908 713
1021 3855 1085 3907 sicui
1103 3854 1149 3906 BC

67 3929 121 3980 715
140 3927 229 3979 stilum
247 3930 273 3980 et
291 3927 409 3991 tabellas,
428 3942 520 3990 ceram,
538 3926 617 3978 linum
632 3926 773 3990 Vastngtua
842 3924 901 3976 texo
915 3923 952 3972 0¹
1022 3925 1071 3977 716
1090 3938 1147 3974 coc·

67 3999 127 4048 tum
147 3994 192 4046 ct)
262 3997 311 4048 718
330 3994 468 4062 pistoclere
485 3995 567 4047 3¹01)
637 3996 686 4046 tto
705 3991 819 4059 loqueris
889 3994 939 4044 722
957 4007 1041 4058 neque
