2594 4576
100 248 233 299 w...
575 227 726 281 isunnam
1139 225 1178 285 85

195 420 449 484 aurodona
493 418 752 481 Panasrrvs
795 415 1104 481 DEMAENETVS

338 522 625 585 ARGYRIPPVS
669 520 958 583 PHlLAENlVM
1122 522 1179 587 V2

106 647 185 709 Ani.
217 626 271 706 din
287 652 321 705 tu
335 662 433 706 meum
448 644 542 704 virum
557 644 605 703 hle
620 652 733 722 potare,
749 643 884 719 obsecro,
900 661 968 705 cum
983 643 1043 705 ulio

107 739 141 795 ct
155 731 194 793 ad
209 730 332 791 amicam
347 729 485 791 detulisse
500 728 614 808 argenti
629 729 731 809 viginti
746 729 841 790 minas

106 834 240 896 meoque
255 816 316 878 tilio
332 815 444 877 sciente
459 814 488 875 id
503 815 600 876 facere
616 815 756 894 flagitium
771 811 907 894 patrem?

107 902 181 965 Ρη.
204 901 308 981 Neque
316 900 405 962 divini
418 919 514 979 neque
526 900 566 960 mi
578 901 697 962 humani
708 909 776 980 post
787 900 840 961 hac
848 899 1178 979 quicquamaocreduas,

107 987 282 1061 Artemona,
298 987 321 1049 si
337 986 424 1048 huius
438 987 481 1046 rei
496 989 543 1047 me
558 986 729 1047 mendacem
745 985 901 1047 inveneris.
1136 995 1179 1047 855

107 1072 185 1135 Ana.
216 1071 253 1133 At
267 1072 390 1133 scelesta
406 1090 460 1150 ego
475 1079 593 1150 praeter
607 1072 680 1132 alios
694 1089 791 1132 meum
807 1071 901 1131 virum
917 1070 994 1149 frugi
1009 1079 1079 1145 rata,

107 1159 234 1232 siccum,
259 1178 276 1217 a
301 1179 333 1231 e,
355 1157 568 1231 continentem,
585 1165 732 1218 amantem
746 1157 847 1218 uxoris
862 1175 1006 1217 maxume.

107 1243 182 1307 Ρη.
214 1243 251 1305 At
267 1261 347 1305 nunc
361 1243 469 1304 dehinc
483 1242 572 1316 scito,
588 1242 670 1304 illum
684 1251 753 1303 ante
769 1260 872 1305 omnes
886 1241 1010 1304 minumi
1024 1243 1179 1319 mortalem

468 1328 554 1407 preti,

107 1413 272 1486 madidum,
288 1412 381 1486 nihili,
397 1413 633 1475 incontinentem
648 1420 735 1492 atque
751 1431 867 1475 osorem
882 1413 982 1475 uxoris
997 1431 1076 1475 suae.

107 1499 539 1571 AnnPolniveraistaessent,
551 1517 710 1578 numquam
719 1499 1180 1578 facereteaqnaennnctanit.aeo

107 1585 182 1649 Ρη.
212 1583 277 1665 Ego
298 1603 418 1664 quoque
439 1584 538 1645 hercle
558 1584 640 1645 illum
663 1585 786 1646 antehac
807 1585 958 1646 hominem
980 1602 1097 1665 semper
1113 1605 1179 1648 sum

467 1669 544 1748 lrugi
559 1677 649 1743 ratus,

106 1773 215 1818 verum
229 1755 286 1816 hoc
301 1755 378 1815 lacto
393 1772 457 1815 sese
473 1753 610 1827 ostendit,
627 1755 677 1834 qui
693 1754 811 1834 quidem
826 1772 894 1815 cum
909 1754 969 1817 filio

106 1848 196 1923 potet
209 1858 270 1901 una
285 1848 373 1918 atque
390 1858 447 1900 una
463 1839 584 1900 amicam
599 1839 709 1913 ductet,
721 1839 889 1919 decrepitus
903 1859 1003 1903 senex.

106 1926 183 1989 Aur.
214 1925 279 1987 Hoc
293 1933 409 1986 ecastor
424 1933 468 1986 est
483 1925 562 2003 quod
576 1925 624 1986 ille
639 1926 663 1987 it
676 1926 711 1987 ad
727 1944 830 1986 cenam
847 1925 974 1988 cottidie.

104 2012 149 2075 ait
163 2029 230 2073 sese
245 2011 288 2072 ire
303 2010 339 2070 ad
353 2009 571 2083 Archidemum,
588 2010 755 2085 Chaeream,
772 2011 1015 2087 Chaerestratum
1135 2024 1179 2077 865

105 2096 245 2170 Cliniam,
262 2095 424 2170 Chremem,
441 2097 602 2169 Cratinum,
619 2097 743 2169 Diniam,
758 2097 996 2159 Demosthenem.

104 2181 230 2263 ieapod
244 2189 376 2243 scortum
391 2181 607 2261 corruptelaest
621 2182 730 2254 liberis,
745 2181 844 2244 lustris
859 2183 965 2243 studet.

102 2268 180 2331 Ρη.
211 2265 289 2338 Quin
306 2274 339 2326 tu
354 2266 435 2328 illum
451 2267 535 2328 iubes
550 2267 670 2329 ancillas
685 2285 789 2346 rapere
804 2266 958 2329 sublimem
974 2267 1118 2330 domum?

104 2354 182 2416 Ana.
212 2351 290 2414 'lace
302 2353 400 2413 modo.
427 2372 465 2414 ne
478 2347 557 2450 [ego]
570 2353 651 2414 illurn
663 2361 777 2415 ecastor
788 2353 929 2414 miserum
940 2352 1065 2416 habebo.
1109 2355 1178 2417 Ρη.

465 2437 528 2517 Ego
544 2442 619 2500 istuc
634 2439 705 2511 scio,

101 2522 145 2585 ita
155 2523 224 2583 lore
235 2520 476 2601 illidumquidem
484 2528 552 2584 com
563 2523 613 2585 illo
626 2533 718 2604 nupta
730 2524 796 2586 eris.
826 2524 897 2586 Anr.
918 2523 982 2605 Ego
994 2545 1111 2590 censeo.
1136 2537 1179 2589 876

100 2626 174 2673 aum
189 2607 280 2668 etiam
295 2604 380 2692 [rata]
396 2609 546 2669 hominem
562 2609 592 2670 in
608 2620 713 2672 senatu
729 2611 798 2670 dare
814 2627 934 2689 operam
946 2620 997 2674 aut
1011 2612 1177 2688 clientibus,

100 2692 146 2757 ihi
163 2690 268 2755 labore
282 2693 456 2754 delassatum
473 2702 590 2755 noctem
606 2703 697 2756 totam
711 2703 851 2757 stertere:

100 2778 155 2843 ille
171 2795 265 2858 opere
280 2778 352 2839 foris
367 2778 504 2840 laciundo
520 2780 613 2842 lassus
628 2790 719 2842 noctu
734 2781 780 2858 [ad
796 2779 853 2856 me]
869 2780 1000 2857 advenit3

97 2864 235 2929 fundum
248 2862 375 2924 alienum
391 2872 461 2938 arat,
477 2865 621 2926 incultum
637 2866 807 2926 familiarem
824 2865 941 2927 deserit.

98 2950 127 3013 ia
143 2949 236 3012 etiam
251 2957 408 3029 corruptus
424 2967 513 3030 porro
528 2969 614 3011 suom
630 2950 794 3030 corrumpit
808 2951 910 3011 fllium.
1134 2962 1177 3015 875

98 3035 177 3099 Ρη.
209 3033 341 3114 Sequere
355 3035 410 3097 hac
425 3054 472 3096 me
483 3037 580 3110 modo,
595 3037 652 3098 iam
664 3038 730 3098 laxo
742 3037 839 3116 ipsum
851 3036 1001 3099 hominem
1012 3039 1177 3100 manufesto

464 3139 622 3201 opprimas.

173 3326 225 3378 851
244 3322 353 3376 livorna.
370 3338 514 3375 amasiam.
528 3339 613 3376 aannx.
630 3339 794 3376 inconsonus.
812 3338 938 3376 urum
951 3324 1006 3386 BE,
1023 3339 1072 3375 ona
1083 3324 1110 3373 D

98 3408 208 3447 mecm
219 3390 281 3444 B¹ld
347 3398 437 3458 potare
456 3392 497 3444 hic
514 3391 620 3443 lleiztm
689 3395 738 3446 853
757 3394 848 3445 scienti
865 3392 903 3443 B⁰
971 3395 1021 3447 854
1038 3390 1122 3443 divina
1136 3392 1177 3441 De

99 3464 154 3519 855
172 3459 241 3525 ‘mel
261 3475 301 3512 me
319 3475 376 3512 esse
446 3463 494 3513 857
513 3462 607 3513 siccum
622 3460 687 3528 frugi
700 3462 873 3513 continentem
885 3461 969 3525 codd„
987 3461 1082 3512 siccum
1095 3462 1175 3523 [sanc-

99 3532 168 3595 tum]
187 3529 363 3583 continentem
381 3527 537 3580 Riddecln'us
555 3529 572 3581 l.
587 3547 607 3581 a.
623 3530 657 3582 66
726 3531 775 3583 858
793 3532 905 3582 Plautus
919 3532 1055 3596 scripsisse
1071 3528 1177 3580 uidetur

97 3612 209 3653 oaorem
223 3597 310 3649 uxoris
328 3611 471 3648 maxumum
534 3599 584 3650 860
602 3599 650 3650 isto
663 3613 723 3649 vera
735 3598 765 3662 B,
783 3598 863 3650 istaec
875 3612 934 3649 vera
947 3596 1109 3649 Schmidtius

97 3670 154 3723 888
172 3678 252 3719 unam
269 3670 347 3733 atque
364 3680 440 3716 onam
459 3664 571 3729 Nonius,
589 3681 665 3719 onam
683 3673 760 3734 atque
778 3681 828 3717 una
846 3666 879 3729 Ι),
896 3680 946 3716 ona
965 3672 1041 3732 atque
1058 3679 1134 3716 onam
1151 3665 1176 3716 Ε

95 3738 154 3793 884
169 3736 296 3803 parasito
308 3735 468 3785 continuant
478 3734 552 3785 Boc
604 3736 653 3787 866
666 3734 821 3786 chremenll
872 3733 1022 3795 dinionBD,
1041 3733 1176 3785 cliniamE

94 3804 274 3859 demostenen
291 3802 365 3854 ouo
468 3804 516 3855 867
536 3804 720 3868 corruptelaest
737 3803 867 3866 Scaliger]
886 3802 1045 3869 corruptelae
1063 3808 1089 3855 et

93 3875 151 3931 888
169 3870 302 3924 sublimen
319 3869 479 3922 attenuatius
494 3872 530 3936 (cl
608 3873 656 3925 869
675 3874 743 3937 [ego]
760 3870 947 3920 reseraremus
1035 3873 1083 3926 871
1102 3870 1174 3922 *sum

91 3942 182 3999 mam
199 3942 267 4004 rata]
284 3953 343 3992 eum
361 3939 438 3991 etiam
507 3941 555 3993 873
575 3941 660 4007 operis
677 3941 701 3991 u
718 3938 813 4005 (operei
828 3937 996 4006 lliteeluad'm)
1064 3938 1107 4004 [ad
1124 3943 1174 4003 me]

90 4008 293 4067 anamma
360 4009 410 4061 875
429 4009 541 4076 corrupit
557 4007 581 4058 B
650 4010 699 4061 876
716 4021 757 4059 rne
774 4021 824 4059 om.
835 4005 871 4058 B¹
