2594 4576
130 284 177 338 tl,
184 285 266 330 si—eu
590 272 769 329 Beccmnus
1158 279 1219 339 183

134 450 298 525 penetrem
309 463 357 506 me
368 444 547 508 huiusmodi
560 446 589 508 in
603 447 787 527 palaestram,
807 448 857 510 ubi
869 449 984 512 damnis
995 449 1220 514 desudasciturl

138 529 205 609 [ubi
220 548 275 610 pro
291 528 373 591 disco
388 529 529 592 damnum
544 531 666 612 capiam,
682 552 876 612 procursum
892 533 1052 612 dedecusl]

139 612 249 677 Bacca.
278 614 389 695 Lepide
403 634 559 678 memoras.
604 616 681 679 Pisa.
710 617 765 680 Vbi
787 637 841 699 ego
865 618 979 699 capiam
994 639 1050 701 pro
1066 622 1219 684 machaera

499 709 656 777 turturem,

137 782 265 863 [ubique
279 784 405 865 inponat
419 784 450 847 in
466 804 587 849 manum
601 786 676 848 alius
690 786 761 848 mihi
776 805 831 867 pro
848 796 947 851 caestu
963 789 1148 868 cantharum]
1191 802 1220 852 ‘lu

137 886 200 950 pro
214 869 296 950 galea
310 869 474 950 scaphium,
489 889 546 951 pro
562 871 673 951 insigni
688 871 725 933 sit
740 872 852 934 corolla
865 874 1001 954 plectilis,

135 972 198 1035 pro
214 955 295 1017 basta
309 955 393 1031 talos,
409 974 464 1035 pro
476 956 569 1018 lorica
584 957 729 1018 malacum
744 957 858 1037 capiam
872 959 1003 1039 pallium,

135 1037 194 1101 nbi
209 1040 250 1101 mi
265 1059 319 1121 pro
336 1058 413 1119 equo
429 1041 523 1104 lectus
538 1040 634 1117 detur,
650 1050 782 1104 scortum
797 1060 852 1123 pro
868 1051 952 1105 scuto
967 1042 1114 1106 accubet?

498 1147 515 1185 t
673 1148 690 1185 1
848 1150 865 1187 Ι

136 1208 249 1271 Bsccn.
278 1208 424 1289 Equidem
445 1211 498 1272 tibi
518 1212 555 1273 do
578 1212 654 1273 banc
669 1228 800 1292 operam.
845 1213 920 1275 Prsr.
950 1214 995 1274 Ah
1011 1214 1135 1275 nimium
1150 1232 1219 1294 pre-

502 1295 575 1358 tiosa
591 1296 783 1376 cooperaria.

136 1377 250 1440 Bsccn.
280 1379 423 1441 Simulato
439 1398 487 1441 me
502 1399 611 1443 amare.
654 1381 732 1444 Prsr.
757 1381 862 1443 Vtrum
878 1386 932 1462 ego
948 1383 1024 1446 istuc
1038 1383 1127 1445 idcon
1143 1383 1219 1445 adsi-

500 1466 610 1528 mulem
625 1484 662 1527 an
677 1464 778 1528 serio?
1191 1478 1220 1529 ⁷5

136 1546 251 1609 Bacca.
272 1548 354 1623 Heia,
366 1549 424 1611 hoc
434 1569 522 1630 agere
532 1551 659 1613 meliust.
689 1551 774 1614 miles
785 1570 875 1631 quom
887 1553 945 1614 buc
956 1553 1218 1629 adveniattevolo

136 1651 190 1695 me
212 1633 380 1713 amplexari.
430 1635 508 1698 Pisa.
540 1635 619 1707 Ouid
638 1654 674 1697 eo
696 1637 736 1697 mi
758 1634 868 1716 opust?
919 1637 1025 1699 Baccn.
1056 1637 1093 1699 Vt
1116 1637 1165 1699 ille
1187 1646 1217 1698 te

498 1720 593 1782 videat
607 1721 683 1782 volo.

137 1806 206 1866 solo
221 1802 292 1882 quid
307 1821 372 1883 ago.
416 1805 495 1868 Pisa.
518 1804 556 1866 Et
570 1805 622 1886 pol
636 1809 691 1886 ego
706 1805 768 1867 scio
784 1805 855 1884 quid
869 1816 980 1869 metuo.
1002 1808 1054 1870 sed
1070 1806 1142 1887 quid
1154 1804 1220 1869 ais?

499 1890 605 1952 Bnccn.
635 1890 713 1963 Quid
729 1888 796 1953 estl

136 1972 221 2034 Prsr.
251 1972 328 2045 Quid
344 1972 368 2035 si
384 1975 462 2054 apud
477 1983 506 2036 te
523 1975 638 2036 eveniat
651 1975 786 2038 desubito
802 1975 960 2056 prandium
976 1985 1026 2037 aut
1040 1977 1151 2058 potatio

137 2058 220 2120 some
234 2065 287 2120 aut
300 2076 384 2134 cena,
400 2067 435 2121 ut
448 2060 524 2122 solet
539 2060 569 2122 in
586 2060 650 2123 istis
664 2061 729 2148 fieri
744 2060 958 2135 conciliabulis,
1189 2069 1218 2121 80

137 2141 194 2205 ubi
210 2160 264 2223 ego
280 2149 344 2205 tum
359 2143 524 2206 accubem?
568 2145 673 2206 Bucco.
703 2146 788 2226 Apud
805 2164 861 2217 me,
877 2145 918 2206 mi
933 2145 1041 2216 anime,
1056 2153 1090 2206 ut
1104 2144 1220 2225 lepidus

366 2247 369 2252 ·
501 2248 569 2292 cum
584 2229 681 2310 lepida
696 2229 829 2292 accubet.
1169 2264 1171 2268 ν

137 2313 228 2376 loom
241 2312 291 2375 bic
306 2313 385 2393 apud
401 2333 467 2390 nos,
482 2315 614 2394 quamvis
628 2314 726 2377 subito
744 2315 852 2389 venias,
868 2333 985 2394 semper
1000 2313 1076 2375 bber
1091 2320 1145 2374 est.

133 2397 196 2463 nbi
212 2404 243 2459 tu
258 2398 355 2478 lepide
369 2399 449 2461 voles
464 2419 529 2462 esse
543 2399 607 2474 tibi,
619 2392 699 2462 ‘mea
714 2397 791 2462 rosa’
807 2399 878 2461 mibi
892 2400 993 2475 dicito,

133 2477 222 2543 ‘dato
238 2483 289 2562 qui
305 2483 382 2545 bene
397 2478 460 2545 sit’:
477 2503 531 2565 ego
547 2484 598 2546 ubi
614 2484 691 2547 bene
707 2485 745 2547 sit
759 2485 812 2547 tibi
827 2485 926 2546 locum
941 2483 1074 2564 lepidum
1091 2481 1176 2544 dabo.

137 2566 222 2629 Pisn.
251 2567 383 2649 Rapidus
398 2569 503 2631 durius
518 2578 564 2632 est
577 2570 635 2645 hic,
652 2589 714 2633 non
729 2572 784 2632 hac
798 2578 909 2632 temere
924 2568 1044 2631 transiri
1056 2576 1162 2648 potest.
1191 2576 1220 2628 85

136 2651 250 2714 Bucen.
278 2654 375 2732 hique
396 2656 607 2800 ecastopippud
627 2656 709 2718 bunc
730 2655 853 2717 lluvium
872 2654 982 2734 aliquid
1002 2652 1221 2734 perdundumst

545 2760 563 2800 1,
581 2774 621 2785 -

229 2938 261 2990 67
298 2944 411 2990 eneuem
433 2953 476 2990 me
494 2939 646 3004 Vssingins]
668 2942 798 3005 penetrem
817 2939 941 2991 Donatus
961 2939 1066 2991 Phoron.
1085 2937 1221 3000 1111‚20

137 3005 231 3072 (boum
254 3020 268 3057 a
287 3005 322 3059 ol.
340 3011 471 3074 penetrem
489 3007 653 3060 huiusmodi
670 3007 696 3058 in
715 3008 765 3073 pel.
784 3024 805 3059 e.
824 3024 848 3074 q.
864 3024 901 3070 s.,
922 3007 969 3057 sed
991 3007 1031 3060 sd.
1046 3022 1089 3072 pr.
1114 3010 1220 3058 tontum

138 3072 245 3127 abstine
262 3089 276 3125 a
294 3073 345 3141 pal.
363 3091 385 3125 e.
404 3090 428 3140 q.
445 3076 485 3140 s),
503 3078 637 3141 penetrare
654 3076 731 3127 codd.
835 3077 867 3128 68
886 3075 937 3126 dei.
955 3073 1112 3126 liibbeoln'ns
1130 3072 1219 3141 praes.

137 3140 232 3195 Stichi
245 3139 275 3193 ll.
283 3156 312 3207 p.
322 3141 429 3207 XVIII,·
445 3158 500 3194 non
518 3148 579 3209 opta
597 3142 719 3204 definiit
735 3141 855 3195 damnum
873 3147 1015 3209 repetitum
1035 3143 1151 3195 Weisins
1163 3144 1219 3206 pi

137 3211 175 3263 69
195 3209 227 3259 de
244 3213 343 3262 turture
361 3209 397 3270 cf.
414 3211 593 3262 Buechelerns
608 3214 639 3262 in
660 3210 811 3274 Woelfflini
829 3210 945 3273 orob.2,
965 3210 1014 3263 117
1117 3213 1150 3262 ¹10
1168 3209 1219 3261 dei.

137 3277 320 3330 Buechelerus
388 3277 498 3346 *aliquis
568 3281 600 3331 72
615 3278 780 3345 leluscodd,
799 3297 869 3334 corr.
882 3279 1058 3330 Buechelems
1127 3278 1159 3329 73
1172 3292 1220 3343 pro

136 3344 496 3466 {illinitibi‘w
515 3346 581 3480 i...
598 3418 630 3468 c
644 3346 781 3481 thibi
795 3345 1219 3480 lDesl-‘lll'lillelillbii

358 3451 366 3465 ·
815 3453 821 3466 ·
879 3453 886 3478 r

138 3480 234 3532 dinoci
256 3482 293 3531 od
314 3481 472 3533 Mnesilochi
493 3483 650 3533 mundatum
668 3485 830 3548 pertinuisse
850 3484 988 3544 videniur,
1011 3480 1047 3542 cf.
1065 3479 1107 3533 60.
1124 3481 1167 3533 89.
1184 3481 1220 3532 97

138 3551 176 3601 ’74
194 3547 237 3612 sb]
254 3552 281 3601 st
294 3548 340 3601 OD
409 3552 441 3602 75
459 3550 579 3602 istuncB
647 3551 739 3603 *incon
759 3566 791 3602 an
809 3551 926 3603 simulem
939 3551 1005 3602 serio
1075 3551 1109 3601 '16
1126 3548 1219 3600 melius

140 3616 202 3668 011¹
271 3631 347 3684 quam
366 3617 437 3670 BCD
505 3619 537 3670 78
555 3617 626 3686 quod
643 3632 692 3685 ago
712 3619 737 3668 D
805 3621 837 3671 '19
856 3618 959 3670 eveniat
977 3618 1157 3679 Commorim]
1175 3630 1219 3667 ve-

139 3684 197 3736 niat
266 3684 400 3750 prandium
419 3688 463 3738 ant
480 3687 581 3752 potatio
599 3684 718 3738 desubito
736 3686 760 3735 B
826 3683 920 3753 *quidl
938 3685 960 3736 si
979 3685 1046 3751 apud
1065 3689 1099 3750 te,
1117 3682 1219 3736 venidm

138 3753 163 3803 si
183 3751 279 3817 subito,
296 3767 322 3819 p.
341 3769 364 3804 a.
382 3752 515 3819 potatiost,
534 3752 615 3813 enon
685 3757 717 3807 80
735 3753 789 3804 lieri
809 3753 910 3805 inistis
928 3751 983 3805 lieri
1001 3754 1024 3804 B
1094 3755 1124 3806 81
1144 3767 1220 3804 accu-

138 3820 202 3871 bem
222 3819 403 3884 Camerarius]
421 3822 543 3873 accubem
563 3820 625 3884 013²,
644 3823 793 3873 accumbam
812 3822 856 3887 B¹,
874 3822 1007 3873 aceubiam
1024 3820 1050 3870 D
1118 3836 1219 3874 accum-

136 3888 186 3939 bet
206 3888 264 3950 BD,
282 3889 435 3940 accumbaes
453 3890 490 3953 (es
508 3906 524 3941 a
543 3889 675 3954 con-..M
742 3891 774 3942 83
793 3889 836 3941 ubi
855 3889 928 3941 voles
946 3895 974 3941 tu
993 3888 1039 3941 tibi
1058 3905 1115 3943 esse
1133 3889 1221 3955 lepide

137 3955 302 4007 llitscbelius
371 3958 412 4010 83.
423 3959 464 4009 84.
478 3959 581 4009 alienos
593 3974 647 4009 mse
658 3961 813 4024 suspicatur
828 3957 1053 4010 Wilonrowiisins
1122 3959 1153 4010 85
1167 3972 1222 4008 ma-

138 4038 208 4091 gnus
225 4028 265 4078 est
282 4024 325 4076 hic
342 4024 369 4079 fl.
389 4024 499 4077 Seroiata
512 4026 637 4078 Danielis
653 4026 721 4078 Aen.
738 4026 764 4090 9,
781 4025 833 4078 327
851 4026 932 4092 (recle
951 4025 1090 4079 Charisius
1106 4025 1166 4081 221)
