2594 4576
409 869 673 952 Anovunurvu
694 876 714 950 Ι

156 1054 191 1115 ln
215 1056 319 1117 faciem
341 1076 442 1120 versus
464 1060 691 1140 Amphitruonis
712 1062 856 1144 luppiter,

65 1139 140 1200 dum
163 1138 274 1201 bellum
298 1152 416 1221 gereret
437 1163 505 1205 cum
528 1145 665 1208 Telebois
686 1147 831 1224 hostibus,

64 1224 241 1286 Alcmenam
265 1245 388 1288 uxorem
410 1229 490 1308 cepit
510 1232 684 1292 usurariam.

64 1309 235 1371 hlercurius
257 1311 382 1372 sormam
405 1312 506 1375 Sosiae
528 1316 605 1376 servi
627 1317 704 1395 gerit

65 1394 214 1456 absentis:
237 1395 283 1456 his
305 1396 447 1458 Alcmena
470 1399 616 1478 decipitur
638 1401 722 1463 dolis.

64 1487 227 1560 postquam
249 1479 364 1542 rediere
385 1483 447 1542 veri
469 1484 646 1562 Amphitruo
670 1493 699 1545 et
721 1486 813 1559 Sosia,

64 1572 195 1643 uterque
218 1564 399 1627 deluduntur
421 1567 452 1627 in
475 1568 584 1629 mirum
607 1569 738 1631 modum.

63 1649 139 1711 hinc
161 1649 301 1728 iurgium,
324 1652 468 1714 tumultus
490 1653 576 1714 uxori
599 1661 628 1714 et
648 1655 721 1727 viro,

64 1734 165 1795 donec
187 1753 255 1795 cum
277 1736 392 1797 tonitru
413 1755 485 1797 voce
508 1739 596 1799 missa
619 1757 655 1799 ex
677 1739 795 1801 aethere

63 1818 235 1880 adulterum
257 1839 288 1882 se
311 1821 446 1901 luppiter
468 1823 622 1885 consessus
645 1831 699 1885 est.

397 2037 658 2115 Aaommurvu
680 2040 721 2114 II

62 2205 179 2272 Amore
201 2216 304 2287 captus
326 2208 502 2270 Alcumenas
526 2208 659 2289 luppiter

64 2290 189 2357 Mutavit
209 2311 275 2354 sese
297 2292 327 2354 in
351 2294 476 2354 sormam
499 2293 562 2355 eius
585 2293 730 2372 coniugis,

63 2375 125 2441 Pro
148 2378 244 2457 patria
264 2378 442 2457 Amphitruo
465 2378 535 2439 dum
558 2377 693 2439 decernit
715 2397 782 2439 cum
804 2378 948 2443 hostibus.

63 2459 175 2527 llabitu
197 2462 364 2524 Mercurius
385 2463 412 2523 ei
435 2462 581 2524 subservit
603 2462 714 2524 Sosiae.

63 2545 91 2612 ls
114 2547 297 2609 advenientis
319 2566 436 2609 servom
460 2566 493 2609 ac
516 2546 671 2608 dominum
693 2549 804 2609 trustra
825 2548 924 2611 babet.
1128 2565 1143 2613 5

60 2629 180 2697 Turbas
203 2633 289 2694 uxori
312 2633 370 2693 ciet
391 2632 578 2712 Amphitruo,
601 2641 689 2710 atque
711 2633 837 2694 invicem

62 2715 195 2798 Raptant
215 2735 271 2797 pro
294 2717 435 2779 moechis.
479 2716 624 2796 blepharo
648 2725 752 2797 captus
775 2718 886 2779 arbiter

60 2799 134 2866 Vter
156 2802 277 2864 sitnon
301 2803 366 2882 quit
386 2800 564 2881 Amphitruo
587 2801 757 2863 decernere.

61 2884 193 2953 omnem
214 2905 279 2948 rem
300 2894 441 2949 noscunt.
486 2886 622 2964 geminos
644 2887 806 2948 Alcumena
829 2886 961 2950 enititur.
983 2892 1003 2963 †

150 3084 243 3122 rucrrrr
265 3085 396 3122 rnonoovs
418 3083 443 3120 ru
465 3082 657 3121 nursrrnrounu
678 3084 772 3120 rnivrr
795 3084 883 3142 Ροετεί
897 3071 929 3136 Β,
952 3073 1011 3122 aino
1034 3075 1074 3125 tit.
1091 3073 1143 3125 DE

151 3142 164 3190 1
185 3138 363 3204 amphitrionis
380 3144 411 3189 ut
423 3139 584 3204 plerumque
600 3138 657 3200 (LG
669 3135 761 3204 praef.
772 3154 798 3204 p.
814 3138 877 3203 VII)
962 3141 978 3190 2
997 3139 1140 3193 thelobois:

58 3212 100 3260 aie
119 3206 164 3258 vel
180 3206 291 3258 telobois
313 3208 412 3271 ubique
429 3211 491 3257 onte
511 3222 535 3259 v.
554 3206 606 3258 414
621 3206 766 3258 sacrandum
787 3207 988 3271 pronuntiandi
1007 3210 1141 3260 rationem

58 3278 201 3342 uolgarem
219 3279 245 3324 et
261 3272 377 3334 fortasse
394 3274 547 3325 Plautinum
650 3275 665 3325 3
684 3274 851 3338 alcumenam,
877 3277 892 3327 5
910 3274 1054 3328 alcumena:
1074 3273 1139 3336 fort.

59 3360 74 3398 e
94 3344 233 3409 corripuit
249 3342 411 3406 (Vrsingius)
510 3346 524 3394 'l
543 3342 578 3404 in]
597 3341 664 3393 ‹lolis
682 3342 709 3393 in
727 3341 813 3406 codd„
832 3357 901 3394 corr.
921 3359 936 3396 c

148 3424 295 3463 nrornrrnro.
313 3424 486 3461 monmorvu
503 3411 527 3460 B
650 3413 660 3461 t
681 3409 830 3461 alcumenae
848 3410 888 3472 ll;
911 3407 946 3470 of.
968 3427 994 3464 o.
1010 3409 1070 3464 486.
1088 3410 1141 3462 872

59 3482 75 3532 2
94 3479 174 3532 istius
192 3478 277 3544 (otius)
298 3479 419 3544 Opitztus
429 3479 500 3529 stud.
513 3477 587 3544 Lipo.
596 3476 622 3542 6,
630 3477 682 3529 274
742 3479 757 3528 3
777 3477 857 3529 cernit
870 3477 957 3528 B¹Dll
1016 3481 1031 3530 6
1050 3481 1137 3545 atque]

57 3549 108 3601 *ac
128 3562 157 3599 se
245 3549 261 3598 9
280 3544 421 3613 alcumena]
440 3546 484 3597 illa
502 3547 618 3604 Baebius
