2594 4576
103 265 275 316 mom-es
575 246 763 300 Avnvtnmn

191 421 218 483 is
241 439 402 500 numquam
425 433 530 483 servet.
575 431 727 501 praeterea
750 420 912 494 tibicinam,

192 525 269 585 quae
292 507 332 568 mi
354 506 537 568 interbibere
559 507 631 582 sola,
652 507 677 568 si
699 508 768 568 vino
791 514 891 579 scatet,

191 591 431 654 Corinthiensem
453 593 566 653 sontem
590 592 727 653 Pirenam
750 599 857 672 potest.

190 686 256 738 tum
271 675 430 738 obsonium
445 687 544 738 autem
559 711 601 722 -
644 676 721 738 linc.
756 676 810 737 Pol
824 676 869 737 vel
884 675 995 755 legioni
1009 686 1053 738 sat
1067 686 1120 738 est.
1164 686 1208 736 500

191 761 278 822 etiam
301 778 410 840 agnum
433 761 508 823 misi.
553 761 639 822 Evcn.
675 761 742 833 Quo
765 761 883 840 quidem
906 779 983 840 agno
1005 770 1050 822 sat
1072 762 1132 823 scio

190 847 284 925 magis
307 847 461 908 curionem
484 865 630 926 nusquam
653 864 717 908 esse
739 846 829 908 ubam
850 845 977 907 beluam.

191 931 269 992 Mne.
302 931 376 993 Volo
400 950 456 1011 ego
479 950 514 992 ex
537 940 566 992 te
589 931 665 994 scire
688 931 739 1010 qui
761 931 799 994 sit
820 948 915 1011 agnus
938 931 1031 993 curio.

191 1015 280 1077 Evcn.
313 1016 389 1088 Ouia
411 1035 477 1079 ossa
499 1034 533 1077 ac
555 1016 641 1096 pellis
663 1025 766 1090 totust‚
788 1016 828 1077 ita
850 1034 921 1077 cura
944 1027 1048 1078 macet

192 1101 264 1180 quin
288 1112 353 1163 exta
369 1101 516 1181 inspicere
538 1101 568 1162 in
592 1100 653 1163 sole
677 1101 704 1162 ei
725 1101 789 1162 vivo
812 1101 898 1162 licctr
1163 1110 1206 1161 005

190 1186 231 1247 1ιο
253 1185 279 1246 is
301 1185 429 1266 pellucet
450 1185 533 1264 quasi
555 1185 692 1246 lanterna
714 1186 836 1247 Punica.

191 1271 268 1332 Mne.
303 1270 494 1332 Caedundum
518 1269 601 1331 illum
617 1289 672 1350 ego
688 1270 826 1331 conduxi.
869 1268 958 1331 Evcn.
989 1269 1111 1332 Tumtu
1127 1269 1205 1332 idem

485 1364 668 1435 optumumst

190 1439 272 1501 loces
294 1438 493 1516 efferendum3
516 1458 584 1502 nam
607 1440 674 1514 iam,
697 1439 796 1514 credo,
819 1448 974 1500 mortuost.

188 1524 266 1585 Mne.
300 1523 406 1585 Potare
429 1542 484 1603 ego
506 1525 605 1599 bodie,
627 1523 741 1600 Euclio,
764 1534 862 1587 tecum
884 1524 961 1585 volo.

190 1607 279 1669 Eser..
301 1608 367 1670 Non
379 1617 481 1688 potem
490 1608 674 1687 egoquidem
682 1609 790 1671 hercle.
817 1609 894 1670 line.
909 1611 947 1669 At
959 1627 1014 1689 ego
1027 1608 1139 1671 iussero
1161 1620 1205 1671 550

190 1694 296 1754 cadum
318 1711 414 1753 unum
435 1693 495 1754 vini
520 1693 626 1755 veteris
648 1712 665 1754 a
687 1712 736 1755 me
757 1694 909 1755 adlerrier.

190 1777 279 1839 Evcn.
311 1777 387 1838 Nolo
410 1778 518 1852 hercle,
541 1796 610 1839 nam
633 1777 705 1839 mibi
726 1777 830 1839 bibere
853 1778 1033 1839 decretumst
1054 1795 1170 1857 aquam.

190 1862 267 1923 blec.
300 1861 365 1942 Ego
387 1871 417 1923 te
439 1862 527 1924 bodie
548 1863 668 1926 reddam
691 1863 850 1938 madidum,
873 1862 993 1937 sirim,
1016 1861 1120 1942 probe,

189 1946 244 2008 tibi
254 1947 325 2026 quoi
335 1947 516 2009 decretumst
523 1947 626 2010 bibere
636 1966 751 2027 aquam.
774 1947 862 2009 Evcn.
876 1947 944 2009 Scio
954 1965 1042 2026 quam
1050 1966 1113 2010 rem
1123 1957 1202 2027 agat:

189 2041 223 2093 ut
246 2049 292 2092 me
314 2031 444 2111 deponat
465 2032 544 2106 vino,
567 2050 631 2095 eam
653 2033 779 2096 adfectat
801 2033 885 2107 viam,
1159 2044 1203 2094 oto

189 2117 336 2196 posthoc
358 2116 437 2194 quod
459 2115 554 2178 babeo
577 2127 611 2178 ut
632 2126 793 2179 commutet
814 2117 973 2179 coloniam.

189 2219 245 2280 ego
268 2199 296 2261 id
320 2200 440 2276 cavebo,
463 2220 531 2262 nam
554 2200 663 2263 alicubi
686 2201 855 2264 abstrudam
877 2201 958 2262 loris.

189 2303 245 2365 ego
268 2285 334 2346 faxo
357 2294 387 2346 et
408 2303 528 2365 operam
552 2295 581 2348 et
602 2287 703 2347 vinum
726 2286 887 2366 perdiderit
909 2285 1006 2348 simul.

188 2371 265 2431 blec.
299 2369 372 2449 Ego,
389 2369 446 2432 nisi
461 2371 531 2449 quid
547 2389 594 2433 me
609 2371 661 2446 vis,
677 2390 712 2433 eo
728 2371 864 2445 lavatum,
880 2380 914 2431 ut
928 2370 1111 2432 sacruficem.
1127 2403 1169 2415 —

187 2454 277 2515 Evcn.
311 2454 425 2534 Edepol
447 2473 485 2516 ne
508 2465 549 2530 tu,
572 2456 647 2531 aula,
669 2456 778 2518 multos
800 2455 936 2518 inimicos
958 2453 1049 2517 babes
1159 2464 1202 2517 580

188 2549 276 2619 atque
298 2539 375 2600 istuc
398 2557 503 2600 aurum
526 2541 606 2619 quod
628 2540 682 2603 tibi
704 2541 947 2603 concreditumst.

188 2642 271 2685 nunc
292 2624 350 2685 boe
372 2624 445 2685 mibi
465 2625 574 2686 tactust
595 2635 760 2706 optumum,
784 2635 816 2687 ut
838 2625 888 2686 ted
910 2624 1050 2699 auferam,

187 2709 263 2783 aula,
285 2707 316 2769 in
340 2709 422 2771 Fidei
444 2709 560 2770 lanum:
583 2709 624 2771 ibi
647 2710 815 2772 abstrudam
838 2709 942 2790 probe.

188 2793 284 2869 Fides,
307 2793 413 2855 novisti
436 2812 482 2855 me
505 2803 534 2855 et
555 2813 611 2874 ego
633 2805 677 2856 te:
700 2813 769 2856 cave
791 2796 831 2857 sis
852 2795 916 2869 tibi,

210 2930 259 2981 555
276 2942 381 2995 praerea
402 2929 426 2980 B
524 2931 574 2982 558
592 2932 675 2981 scatet
694 2929 858 2992 Gub'elmim]
877 2931 960 2980 scatet
978 2928 1050 2992 661,
1068 2932 1166 2981 scateat
1185 2947 1199 2986 ς

120 2998 248 3049 Donatus
264 2995 302 3046 ad
317 2995 388 3048 And.
405 2995 489 3058 1112,
508 2996 542 3047 16
628 2999 678 3051 553
696 2997 810 3065 pirenam
828 2997 918 3060 Valla]
937 2999 963 3048 et
980 2996 1106 3062 pirineum
1123 2998 1154 3063 B,
1172 3005 1199 3050 et

120 3066 256 3134 pireneum
275 3062 315 3127 1²,
334 3069 360 3115 et
377 3064 504 3129 perintum
523 3064 556 3130 6,
578 3070 604 3116 et
621 3065 749 3132 picentum
766 3065 796 3116 J¹
882 3065 1017 3119 560-568
1035 3080 1128 3116 cerrus
1144 3081 1199 3116 non

121 3136 185 3200 apto
203 3131 302 3183 adtacti
319 3130 379 3195 (566
392 3131 441 3183 del.
454 3132 599 3197 Longanos
606 3149 636 3199 p.
645 3133 688 3198 55)
757 3135 807 3186 ooo
819 3133 971 3184 obsssnium
983 3133 1027 3197 13¹,
1045 3133 1198 3199 obsequium

120 3201 167 3252 DJ
234 3197 300 3250 blec.
319 3215 369 3252 om.
388 3199 438 3250 BD
517 3200 630 3253 velleoni
648 3207 704 3253 sat·
724 3206 763 3253 est
780 3201 824 3265 13¹,
843 3200 956 3253 velleoni
973 3203 1029 3252 sata
1046 3206 1086 3253 est
1103 3201 1137 3263 1),
1155 3200 1197 3252 vel

120 3269 193 3321 leoni
210 3264 340 3319 estest!
408 3270 455 3320 561
476 3283 542 3334 agno
561 3274 618 3321 mat
628 3268 673 3334 13¹,
690 3282 771 3333 agnos
789 3273 816 3321 et
831 3269 865 3334 1),
884 3272 1007 3334 agnoscat
1022 3267 1129 3320 Nonium

121 3338 173 3392 562
192 3335 322 3388 curionem
343 3333 508 3399 Gulielmius]
526 3337 669 3389 curiosam·
688 3337 719 3400 B,
737 3336 863 3388 curiosam
881 3337 928 3388 DJ
940 3335 1046 3389 Nonius
1125 3350 1197 3387 num·

120 3418 201 3474 quem
218 3401 324 3455 Nonius
400 3403 547 3456 bestiam]
622 3405 671 3458 563
688 3403 749 3456 volo
767 3405 832 3457 seire
851 3419 899 3470 ego
918 3419 949 3456 ex
968 3408 993 3456 te
1011 3402 1073 3470 quid
1091 3402 1197 3455 Nonius

120 3473 238 3526 curiosus
256 3469 292 3521 13²
362 3472 411 3524 564
430 3471 474 3538 qui
491 3487 515 3524 o.
534 3487 556 3524 a.
570 3488 595 3538 p.
613 3476 688 3524 tenos
705 3471 741 3524 ite
760 3477 843 3525 macet
859 3471 965 3525 Nonius
1033 3486 1093 3523 cum
1111 3477 1195 3536 magei

119 3542 145 3606 J,
164 3554 249 3592 curam
268 3537 341 3603 aegei
353 3538 385 3602 B,
403 3540 546 3605 curtmagei
563 3541 589 3590 6
658 3541 707 3594 565
725 3540 751 3592 in
763 3541 818 3592 sole
835 3540 859 3592 ei
873 3540 1012 3603 Gruterus]
1029 3539 1127 3591 insolee
1138 3540 1195 3606 BD,

119 3610 147 3661 in
166 3607 221 3660 sole
240 3607 304 3658 ιι]
368 3605 428 3657 vivo
448 3608 536 3659 omJ
601 3609 649 3660 565
668 3607 777 3660 conduxi
796 3623 844 3674 ego
862 3608 934 3660 illum
947 3605 1054 3659 Nonius
1122 3613 1193 3673 optu-

118 3690 180 3730 mus
192 3678 232 3727 est
245 3673 330 3740 codd,
348 3690 418 3726 corr.
431 3674 583 3727 Saraeemm
652 3678 701 3730 568
719 3675 914 3729 offerendumD
983 3677 1033 3729 568
1046 3674 1122 3728 bodie
1135 3675 1195 3740 [bic]

118 3743 267 3798 Muellerus
345 3745 394 3794 550
412 3742 479 3795 *non
498 3743 590 3807 [habeo
609 3743 688 3811 quod]
706 3750 792 3810 potem
811 3758 860 3809 ego
873 3742 975 3811 quidem
993 3747 1054 3805 (non
1068 3743 1136 3811 quod
1148 3759 1195 3810 po·

119 3819 173 3866 tern
192 3826 241 3878 ego
260 3809 362 3877 quidem
375 3809 461 3862 hercle
472 3811 555 3863 babeo
568 3811 726 3878 Seyffertus)
788 3813 837 3864 553
854 3811 916 3862 vivo
929 3827 979 3864 om.
992 3811 1027 3862 B¹
1087 3815 1137 3866 555
1150 3812 1194 3865 ed-

118 3879 288 3934 iectateniam
300 3878 332 3944 B,
350 3877 502 3931 adlectiuem
515 3879 541 3929 6
602 3881 650 3933 558
664 3895 686 3933 e.
699 3883 734 3942 v.]
751 3879 831 3931 metui
843 3894 903 3930 num
915 3880 952 3931 6ι
1012 3882 1063 3934 559
1079 3881 1193 3933 labatum

118 3949 183 4002 13¹1)
253 3948 299 4000 531
320 3945 496 4011 congreditum
508 3951 549 4000 est
560 3947 609 3998 BD
678 3949 727 4001 582
740 3947 956 4011 iectnstAldina]
969 3948 1116 4002 factumest
1166 3953 1193 4000 te

120 4018 172 4072 533
190 4015 249 4068 aula
267 4013 419 4078 Scutarios]
436 4014 521 4067 aulam

958 4101 989 4155 fi*
