2594 4576
26 84 36 161 f
69 124 179 182 rao-ar
533 117 688 172 astutam
1103 126 1142 184 59

67 297 159 364 quam
172 293 265 371 magis
279 300 309 353 te
324 292 355 352 in
372 290 462 352 altdm
480 291 617 370 capessis,
633 299 692 352 tam
708 300 808 353 aestus
822 300 851 352 te
866 291 898 352 in
911 304 1029 374 portum
1041 298 1142 360 refert.

37 422 41 429 .
67 370 178 440 duom.
208 377 272 457 Ego
288 376 339 457 pol
354 375 441 437 istum
458 376 633 455 portitorem
649 375 772 457 privabo
788 378 921 457 portorio
930 397 938 454 ;

47 536 52 545 Ι
66 470 129 536 tgo
139 472 165 525 te
176 463 294 538 dehinc,
306 470 339 522 ut
349 461 453 521 merita
464 479 496 522 es
507 461 543 522 de
554 479 601 522 me
613 470 643 523 et
654 480 719 523 mea
730 479 772 537 re,
784 470 910 524 tractare
922 483 1075 544 exsequar,
1101 477 1144 528 160

66 554 159 616 (tuom
173 557 206 609 tu
221 547 287 609 med
303 556 336 608 ut
351 545 475 607 meritus
490 564 555 607 sum
572 565 633 607 non
649 555 758 607 tractas
773 555 862 626 atque
877 547 948 610 eicis
962 549 1061 611 domo.

26 626 31 659 ·’
67 620 191 696 Ctmen.
222 632 315 712 Magis
330 633 407 694 istuc
422 630 604 710 percipimus
619 631 719 709 lingna
734 631 801 705 dici,
818 651 906 712 quam
921 634 1006 696 iactis
1021 636 1094 696 iore.

65 706 174 781 duom.
206 718 294 780 Solus
309 715 468 779 solitudine
484 734 539 795 ego
555 717 603 776 ted
618 725 707 795 atque
723 715 760 776 ab
775 726 905 795 egestate
919 718 1042 797 ahstuli;

67 798 147 866 solus
161 805 185 866 si
201 804 329 877 ductem,
344 801 458 862 referre
472 801 595 878 gratiam
612 819 775 880 numquam
791 811 885 880 potes.

19 930 22 935 -
69 876 193 951 Quaen
224 887 312 949 Solus
327 887 456 959 ductato,
471 885 495 947 si
511 904 629 965 semper
643 886 723 948 solus
739 905 814 966 quae
829 906 952 968 poscam
967 889 1063 966 dabis;
1100 900 1143 951 165

71 982 186 1055 semper
200 973 255 1035 tibi
270 971 447 1052 promissum
463 969 570 1031 habeto
587 971 642 1032 hac
656 972 731 1050 lege,
747 972 816 1033 dum
833 992 956 1053 superes
972 974 1053 1036 datis.

10 1094 25 1125 .·
74 1053 174 1122 dunin.
206 1056 283 1130 Quid
305 1057 414 1118 modist
434 1053 552 1117 dando?
571 1073 641 1117 nam
663 1075 826 1135 numquam
848 1065 881 1118 tu
897 1052 1016 1138 quidem
1031 1061 1144 1141 expleri

422 1149 522 1221 potes;

10 1224 17 1235 “
75 1229 153 1290 modo
169 1245 261 1307 quom
273 1225 421 1306 accepisti,
437 1225 516 1287 haud
530 1225 622 1287 multo
634 1233 702 1306 post
713 1227 822 1306 aliquid
839 1228 917 1307 quod
930 1247 1035 1308 poscas
1046 1249 1141 1310 paras.

74 1310 191 1376 dumam
223 1311 300 1384 Quid
322 1310 430 1372 modist
449 1310 608 1455 dnctTandn,
630 1310 778 1373 amando?
805 1331 1007 1393 numquamne
1030 1316 1143 1396 expleri

422 1404 508 1476 potes

69 1484 154 1545 modo
171 1481 319 1555 remisisti,
336 1481 480 1542 continuo
495 1481 552 1542 iam
568 1489 602 1542 ut
615 1481 763 1542 remittam
777 1482 813 1543 ad
829 1490 858 1544 te
874 1502 969 1562 rogas.
1099 1496 1142 1548 170

66 1570 176 1630 daem.
206 1566 281 1629 Dedi
295 1566 432 1645 equidem
448 1565 527 1645 quod
543 1583 660 1627 mecum
675 1566 770 1644 egisti.
814 1567 938 1630 Cumra.
969 1568 1007 1629 Et
1021 1569 1075 1631 tihi
1086 1588 1141 1651 ego

424 1651 490 1712 misi
505 1651 675 1712 mulierem:

62 1756 118 1819 par
133 1739 200 1818 pari
214 1737 315 1798 datum
330 1736 580 1808 hostimentumst,
597 1753 687 1816 opera
702 1754 758 1816 pro
774 1737 911 1818 pecunia.

60 1824 173 1885 Annua.
203 1822 278 1883 Male
293 1821 355 1901 agis
371 1839 497 1882 mecum.
542 1821 668 1882 Cumae.
699 1821 777 1892 Quid
798 1841 846 1883 me
866 1841 995 1899 accusas,
1017 1824 1042 1886 si
1064 1824 1140 1886 iacin

423 1906 554 1967 officium
569 1904 691 1967 meum?

60 2011 131 2055 nam
156 2010 255 2071 neque
276 1992 380 2052 dotum
402 2001 557 2070 usquamst
573 2010 671 2071 neque
686 1993 798 2072 pictum
822 2011 921 2072 neque
943 1992 1085 2072 scriptum
1109 1994 1139 2055 in

441 2076 563 2137 oematis

59 2161 115 2223 ubi
129 2161 198 2222 lena
212 2160 291 2222 hene
303 2167 369 2240 agat
384 2095 451 2222 enlm
464 2160 604 2240 quiquam
616 2168 742 2236 amante,
758 2177 832 2240 qnae
843 2160 922 2241 frugi
933 2179 997 2223 esse
1009 2161 1077 2223 volt.
1100 2172 1143 2224 115

59 2247 174 2309 Anam.
204 2245 276 2306 Mihi
299 2245 415 2325 quidem
439 2254 469 2306 te
484 2264 607 2325 parcere
630 2254 785 2325 aequomst
803 2246 932 2320 tandem,
955 2254 988 2308 nt
1010 2245 1065 2308 tihi
1086 2248 1141 2310 dn·

422 2348 486 2392 rem
501 2331 561 2392 diu.

61 2415 191 2479 cumn
226 2415 293 2476 Non
316 2412 450 2476 tuscis?
473 2433 549 2494 quae
571 2416 681 2476 amanti
702 2425 814 2496 parcet,
837 2416 939 2477 eadem
961 2416 1016 2478 sihi
1039 2427 1142 2498 parcet

442 2518 536 2561 arum.

62 2583 149 2665 quasi
164 2583 262 2662 piscis,
278 2583 408 2645 itidemst
422 2519 536 2646 {mator
550 2584 651 2646 lenae:
669 2595 833 2664 nequamst,
851 2585 907 2647 nisi
922 2604 1042 2662 recens;

59 2669 86 2732 is
101 2668 193 2730 habet
207 2687 322 2743 sucum,
338 2669 363 2730 is
379 2670 560 2745 suavitatem,
577 2689 644 2732 eum
661 2689 720 2750 quo
735 2671 779 2731 vis
793 2680 880 2751 pacto
896 2670 1026 2746 condias,

59 2755 107 2816 vel
123 2753 302 2834 patinarium
317 2754 363 2815 vel
378 2772 494 2830 assum;
509 2773 610 2817 verses
626 2774 685 2835 qun
702 2763 788 2835 pacto
804 2755 901 2816 lubet:
1099 2765 1142 2817 180

59 2839 87 2902 is
101 2840 173 2903 dare
188 2838 256 2913 volt,
272 2839 344 2901 isse
360 2839 468 2919 aliquid
485 2840 578 2920 posci,
594 2859 663 2901 nam
679 2839 721 2901 ihi
735 2840 771 2901 de
786 2839 875 2919 pleno
891 2841 1054 2920 promitur;

60 2942 163 3003 neque
178 2922 227 2984 ille
243 2924 298 2985 scit
314 2923 384 3004 quid
399 2926 458 2999 det,
474 2925 543 3004 quid
561 2924 660 2986 damni
675 2925 779 2986 iaciat:
794 2925 836 2986 illi
850 2925 894 2986 rei
909 2926 1016 2988 studet.

58 3008 122 3070 volt
137 3008 255 3089 placere
270 3028 336 3071 sese
351 3009 472 3086 amicae,
488 3010 548 3071 volt
562 3010 643 3086 mihi,
659 3009 719 3070 volt
733 3010 921 3091 pedisequae,

148 3195 199 3247 158
218 3208 270 3261 qno
287 3195 371 3260 magis
393 3197 489 3247 omisso
511 3199 563 3247 iam
580 3193 687 3247 Nonius
711 3197 797 3246 tridua
819 3196 884 3247 locis
906 3200 932 3246 ct
949 3195 1039 3248 Servii
1059 3199 1142 3246 inter-

56 3262 365 3330 polntnrltolras(Aen.
384 3264 425 3325 11,
443 3262 504 3326 627)
595 3265 641 3316 161
658 3268 723 3329 post
742 3267 790 3318 tta
809 3263 849 3313 Da
935 3279 976 3316 me
1063 3267 1141 3331 atque

57 3330 261 3394 nasamonium]
280 3345 347 3397 quae
417 3329 495 3382 *eicis
512 3331 538 3381 D
607 3333 656 3383 163
676 3346 724 3398 ego
744 3338 769 3384 te
786 3336 863 3399 atque
875 3331 958 3396 D²E²,
978 3346 1026 3397 ego
1045 3330 1141 3398 datque

57 3398 98 3450 13⁶
188 3400 238 3451 164
254 3402 342 3464 potest
359 3399 397 3450 Ba
485 3398 690 3452 1661166601]ιι
788 3401 835 3452 167
855 3399 917 3467 qnid
934 3399 1030 3451 modist
1047 3399 1141 3451 Fleck-

57 3468 177 3529 eiscnm]
194 3465 239 3533 qui
256 3465 348 3518 modus
426 3465 510 3518 dando
528 3467 677 3531 Acidaliae]
695 3467 772 3519 dandi
854 3469 903 3519 168
922 3482 1000 3534 quom
1060 3467 1140 3531 tader]

58 3533 133 3603 qnod
203 3534 254 3588 tat
272 3533 296 3589 d.
309 3534 334 3586 h.
346 3535 404 3597 BD]
423 3533 447 3586 d.
466 3535 515 3587 hos
532 3535 666 3587 timentnst
684 3535 716 3600 E,
734 3534 917 3587 hostimentum
935 3534 959 3585 d.
978 3541 1019 3586 est
1064 3537 1141 3588 onius

51 3618 85 3670 p.
98 3601 125 3668 3,
143 3600 328 3654 hostimentum
346 3602 370 3655 d.
388 3601 495 3654 Nonius
508 3618 538 3668 p.
550 3603 610 3667 529,
628 3602 706 3655 dest
724 3603 749 3655 h.
766 3602 876 3655 Sarnios
894 3603 969 3667 (Aen.
989 3604 1015 3669 4,
1027 3602 1088 3667 424)

55 3686 86 3739 p.
104 3672 143 3736 p]
160 3671 284 3736 procnnin
301 3670 337 3722 B¹
354 3670 456 3722 ataid.
553 3673 601 3725 174
619 3674 687 3734 nam]
706 3684 816 3737 namque
834 3671 859 3722 Ε
949 3685 1033 3739 neque
1050 3669 1140 3724 fictum

55 3742 197 3806 usquamst
214 3752 299 3806 neque
316 3739 415 3804 pictum
433 3742 457 3801 r]
476 3753 524 3791 nec
542 3738 559 3791 1.
572 3753 681 3806 nsquam
700 3743 739 3791 est
756 3753 804 3790 nec
816 3755 840 3806 p.
853 3737 960 3790 Nonius
975 3755 1003 3806 p.
1014 3739 1075 3804 309,
1092 3755 1140 3792 nec

55 3807 77 3861 f.
95 3820 220 3874 umquam
238 3810 278 3859 est
294 3821 379 3874 neque
396 3822 422 3873 p.
440 3806 546 3859 Nonius
554 3824 582 3874 p.
597 3807 656 3869 493,
674 3822 758 3875 neque
776 3821 884 3874 nsquam
902 3805 1000 3873 pictum
1015 3808 1090 3860 ΗΒΕ

57 3877 111 3928 175
129 3872 189 3926 lena
206 3874 252 3927 nbi
269 3875 384 3928 Bothiua
454 3876 501 3928 181
522 3875 558 3927 ihi
575 3878 599 3939 ς]
617 3875 662 3927 ubi
