2594 4576
585 213 705 267 PLAVTI
1034 233 1045 274 1
1059 234 1079 284 ι,
1089 233 1195 276 zoa-aas

151 386 246 447 Mane.
291 385 442 459 hulerere,
459 405 520 447 000
537 384 640 458 abibis,
656 386 680 446 si
695 404 750 464 ego
765 387 872 448 fustem
888 404 1059 466 sumpsero.

152 472 217 533 800.
252 470 330 541 Quin
346 490 394 532 me
409 489 474 532 esse
489 471 577 531 huius
591 470 710 531 familiai
724 471 897 532 familiarem
913 473 1066 551 praedico.

150 556 244 617 Mnac.
278 556 350 617 Vide
371 557 411 617 sis
433 573 520 634 quam
542 573 612 615 mox
633 555 772 634 vapulare
793 555 850 629 vis,
878 555 935 617 nisi
957 564 1094 619 acuatum
1115 557 1189 620 hinc

456 640 529 700 abis·
1144 653 1190 704 300

150 725 215 787 800.
255 725 321 784 Tun
344 723 431 784 domo
453 723 613 802 prohibere
633 742 758 803 peregre
779 742 827 784 me
849 725 1058 786 advenientem
1079 735 1188 806 postu·

456 807 521 870 las?

151 892 244 953 Mene.
279 892 409 953 Haecine
423 901 473 954 tua
487 891 627 953 domustl
671 892 736 953 800.
758 892 943 970 Itainquam.
988 893 1085 957 llnnc.
1111 894 1188 966 Quis

457 995 527 1038 erus
542 985 585 1037 est
600 976 690 1053 igitur
704 973 782 1037 tibi?

152 1062 216 1122 Sos.
250 1061 436 1139 Amphitruo,
453 1062 503 1140 qui
519 1080 601 1122 nunc
617 1062 798 1140 praefectust
813 1061 962 1122 Thebanis
977 1061 1157 1138 legionibus,

152 1146 272 1224 quicum
295 1155 417 1225 nuptast
436 1147 608 1206 Alcumena.
660 1145 754 1206 linae.
789 1145 867 1215 Quid
889 1143 952 1206 aisl
979 1147 1052 1225 quid
1074 1167 1184 1210 nomen

456 1229 560 1291 tibist?

152 1314 217 1375 Sos.
251 1315 364 1376 Sosiam
380 1323 486 1376 uocant
501 1312 644 1388 Thebani,
660 1315 739 1374 Davo
754 1321 933 1393 prognatum
949 1323 1044 1393 patre.
1143 1328 1188 1378 365

152 1398 246 1460 Meae.
280 1399 323 1460 Ne
339 1408 370 1460 tu
386 1400 452 1461 istic
467 1399 553 1460 hodie
569 1399 643 1459 malo
658 1406 711 1459 tuo
728 1398 898 1477 compositis
912 1399 1075 1462 mendaciis

152 1484 302 1558 advenisti,
319 1484 450 1544 audaciai
466 1484 614 1553 columen,
630 1483 762 1545 consutis
777 1483 861 1544 dolis.

152 1568 217 1629 Sos.
250 1568 344 1629 Immo
361 1569 497 1647 equidem
512 1568 622 1630 tunicis
637 1568 770 1630 consutis
784 1568 842 1628 huc
858 1568 997 1642 advenio,
1019 1587 1083 1630 000
1098 1570 1185 1632 dolis.

152 1652 247 1714 Mane.
280 1653 317 1714 ht
332 1654 467 1715 mentiris
482 1654 583 1714 etiam:
601 1662 683 1713 certo
699 1652 833 1731 pedihus,
849 1672 911 1713 000
927 1653 1037 1714 tunicis
1051 1655 1146 1716 venis.

153 1737 218 1799 Sos.
252 1738 296 1798 lta
310 1740 455 1818 profecto.
506 1738 599 1798 Mune.
632 1738 720 1798 Nunc
735 1738 871 1817 prolecto
886 1737 990 1816 vapula
1005 1737 1044 1798 ob
1061 1739 1188 1800 menda-

456 1840 548 1882 crum.
1141 1835 1187 1884 310

153 1906 217 1967 800.
250 1900 316 1965 Non
333 1905 438 1984 edepol
460 1905 524 1964 volo
545 1906 689 1984 prolecto.
741 1906 836 1966 hinec.
870 1907 907 1966 at
921 1906 972 1985 pol
986 1907 1123 1985 prolecto
1139 1908 1189 1969 in·

459 1989 569 2069 gratiis.

153 2073 211 2136 hoc
226 2073 345 2153 quidem
360 2075 495 2152 profecto
510 2082 661 2146 certumst,
677 2092 738 2135 000
755 2083 800 2135 0οῑ
814 2073 1011 2135 arbitrarium.

154 2159 217 2220 Sos.
248 2159 343 2220 Tuam
357 2159 446 2220 fidem
461 2159 595 2221 obsecro.
639 2158 733 2220 Mene.
764 2159 829 2219 Tun
846 2167 875 2219 te
889 2158 980 2220 audes
991 2158 1107 2220 Sosiam
1122 2178 1191 2222 esse

460 2245 567 2316 dicere,

154 2332 205 2406 qul
220 2345 275 2405 ego
291 2326 380 2388 suml
424 2328 489 2389 Sos.
521 2326 609 2387 Perii.
654 2325 747 2386 binae.
782 2327 888 2387 Parum
905 2327 1002 2402 etiam,
1018 2336 1125 2406 praeut
1139 2330 1190 2391 lu·

458 2418 596 2482 turumst,
611 2411 774 2488 praedicas.

154 2495 260 2573 quoius
272 2513 354 2556 nunc
367 2493 420 2555 esi
452 2496 516 2556 Sos.
539 2495 632 2556 Tuos:
649 2513 717 2555 nam
730 2496 840 2574 pugnis
850 2513 906 2556 usu
921 2495 1121 2556 lecistituom.
1142 2506 1190 2557 375

153 2598 209 2658 pro
224 2579 321 2654 fidem,
338 2577 470 2640 Thebani
486 2580 579 2640 civesl
613 2578 707 2640 Meae.
730 2579 826 2639 Etiam
842 2578 959 2648 clamas,
975 2579 1143 2641 carnulex‘l

154 2664 285 2743 loquere,
299 2663 368 2743 quid
381 2662 507 2725 venisti?
544 2663 609 2724 Sos.
633 2664 670 2723 Vt
683 2672 761 2726 esset
771 2683 860 2743 quem
872 2673 904 2726 tu
915 2664 1024 2744 pugnis
1035 2665 1189 2727 caederes.

154 2747 248 2808 Meae,
271 2747 385 2818 Quoius
401 2747 456 2810 es‘l
494 2749 558 2810 Sos.
580 2748 806 2826 Amphitruonis
819 2749 943 2828 inquam
957 2749 1050 2810 Sosia.
1088 2749 1189 2812 hinnu.

459 2832 538 2913 Ergo
555 2833 629 2894 istoc
645 2833 745 2912 magis,
899 2896 903 2902 ,

156 2918 223 2995 quia
239 2917 431 2996 vaniloquo's,
448 2916 612 2997 vapulabis:
628 2936 684 2996 ego
698 2935 774 2991 sum,
790 2936 852 2978 non
867 2926 909 2991 tu,
926 2917 1018 2979 Sosia.

155 3002 219 3062 Sos.
241 3001 284 3062 lta
296 3001 325 3062 di
333 3002 452 3076 faciant,
465 3009 499 3063 ut
508 3010 540 3062 tu
552 3001 651 3081 potius
662 3003 703 3063 sis
713 3009 802 3080 atque
814 3020 870 3081 ego
881 3010 911 3063 te
922 3010 956 3063 ut
967 3001 1130 3062 verberem.
1143 3013 1192 3065 380

155 3085 249 3146 Mene.
282 3085 378 3146 Etiam
394 3084 516 3147 muttisl
571 3087 635 3147 800.
668 3086 727 3146 lam
743 3085 858 3147 tacebo.
913 3086 1006 3147 Meae.
1040 3086 1114 3156 Quis
1133 3087 1191 3149 tibi

460 3168 562 3232 erust‘l
606 3169 671 3230 800.
706 3169 801 3240 Quem
816 3178 848 3231 tu
864 3171 953 3232 voles.

156 3254 250 3315 Meno.
284 3253 361 3324 Quid
373 3251 486 3333 igitur?
501 3254 552 3333 qui
568 3273 648 3315 nunc
660 3252 787 3315 vocare‘l
831 3254 895 3316 Sos.
918 3255 1010 3316 Nemo
1025 3253 1083 3314 nisi
1095 3271 1189 3332 quem

461 3357 591 3400 iusseris.

156 3423 251 3483 Meno.
274 3421 499 3502 Amphitruonis
511 3431 540 3484 te
552 3442 616 3484 esse
628 3422 726 3483 aiebas
736 3422 859 3484 Sosiam.
897 3423 961 3484 800.
978 3422 1190 3486 Peccaueramt

156 3526 225 3568 nam
240 3506 464 3586 Amphitruonis
479 3507 572 3569 Sosiai
587 3525 635 3567 me
650 3525 714 3569 esse
729 3506 807 3568 volui
823 3507 931 3568 dicere.

200 3674 249 3724 353
268 3672 397 3724 anlerrere
414 3672 488 3723 Bon
545 3673 594 3724 359
612 3670 724 3723 familiae
783 3675 831 3725 361
853 3675 905 3724 tum
923 3672 997 3723 Bon
1047 3672 1099 3723 364
1116 3672 1188 3737 quod

115 3753 207 3790 nomen
224 3739 274 3789 DE
342 3744 383 3792 est
401 3739 447 3791 tihi
463 3741 513 3790 BD
581 3739 631 3790 367
649 3739 768 3791 audatiae
830 3742 880 3793 371
899 3740 1005 3805 ingratis
1071 3739 1122 3791 376
1139 3739 1187 3791 fidi

113 3806 170 3871 BE,
188 3804 246 3857 uide
265 3806 299 3868 D,
317 3822 386 3859 corr.
404 3807 489 3859 Aldus
574 3806 709 3858 clamatis
795 3808 843 3860 377
863 3809 983 3875 eloquere
1004 3805 1089 3870 codd,
1113 3822 1188 3859 corr.

112 3874 200 3926 Aldus
284 3874 335 3925 383
353 3876 440 3928 alebas
458 3875 556 3928 B¹D¹1l
641 3876 693 3926 384
710 3872 794 3927 Sosiai
815 3890 855 3928 me
872 3875 1070 3937 canomannica]
1088 3873 1188 3927 socium

114 3957 189 3995 neme
