2594 4576
182 240 225 299 24
663 238 782 292 Ptavrr
1139 252 1272 308 rani-m?

187 430 220 473 ea
235 411 289 472 tibi
304 411 404 472 omnia
420 411 561 472 enarravi.
592 411 648 473 nisi
663 421 692 473 te
707 431 835 473 amarem
851 412 1032 491 plurumum,
1224 426 1272 476 525

186 516 249 558 555
265 497 402 557 lacerem.
440 497 533 556 Mane.
550 495 670 557 Facitne
685 506 718 557 ut
734 494 814 558 dixi?
831 497 961 558 timidam
976 498 1065 577 palpo
1081 500 1228 577 percutit.

186 582 261 643 Ivrr.
291 582 387 656 Nunc,
403 599 442 641 ne
457 580 534 660 legio
549 581 760 659 persentiscat,
777 582 850 642 clam
865 582 935 642 illuc
950 583 1168 647 redeundumst
1182 584 1271 662 mihi,

187 685 287 727 neme
302 684 426 727 uxorem
441 665 637 743 praevertisse
653 666 753 728 dicant
767 685 837 747 prae
853 685 886 726 re
901 667 1030 746 publica.

186 755 255 813 Anu.
285 751 513 811 Lacrumantem
536 768 572 809 ex
587 750 668 811 abitu
684 752 848 812 concinnas
862 760 893 811 tu
911 761 991 812 tuam
1006 770 1142 813 uxorem.
1190 753 1271 814 lrnr.

494 834 580 909 Tace,

187 938 226 980 ne
239 936 398 998 corrumpe
411 919 523 991 oculos,
537 919 640 979 redibo
657 927 796 980 actutum.
827 920 896 980 455.
919 920 952 980 16
964 929 1097 982 actutum
1108 922 1201 984 diust.
1224 933 1274 983 555

188 1003 263 1064 lvrr.
293 1004 359 1064 Non
376 1021 431 1082 ego
447 1013 476 1064 te
491 1003 539 1063 bic
555 1003 662 1066 lubens
677 1004 815 1082 relinquo
831 1024 929 1083 neque
951 1005 1024 1067 abeo
1041 1006 1093 1068 abs
1107 1014 1148 1067 tc.
1195 1007 1271 1068 Arc.

495 1088 608 1163 Sentio,

188 1190 257 1233 nam
273 1189 331 1249 qua
347 1180 436 1233 nocte
451 1171 486 1232 ad
497 1192 545 1233 me
557 1173 672 1247 venisti,
688 1173 790 1233 eadem
800 1172 873 1235 abis.
918 1174 992 1235 lvnr.
1016 1174 1076 1236 Cur
1089 1192 1138 1236 me
1154 1173 1273 1236 tenes‘t

188 1265 306 1336 tempus
323 1252 405 1339 [est]:
422 1257 503 1317 exire
518 1275 554 1317 ex
569 1257 644 1318 urbe
659 1258 742 1336 prius
757 1277 844 1337 quam
860 1258 990 1320 lucescat
1004 1260 1079 1320 volo.

189 1359 271 1401 nunc
287 1340 340 1401 tibi
354 1341 432 1402 hanc
447 1349 588 1420 pateram,
604 1360 679 1420 quae
694 1343 774 1403 dono
789 1343 830 1403 mi
846 1343 887 1403 illi
902 1343 941 1404 ob
956 1343 1095 1404 virtutem
1110 1345 1217 1419 datast,

188 1425 303 1486 Pterela
320 1444 372 1485 ren
387 1426 438 1503 qui
452 1427 596 1504 potitavit,
612 1445 699 1504 quem
715 1445 770 1505 ego
785 1446 850 1488 mea
867 1428 962 1489 occidi
976 1447 1076 1503 manu,
1223 1438 1274 1489 535

188 1510 360 1585 Alcumena,
376 1510 429 1570 tibi
446 1511 593 1571 condono.
638 1512 707 1571 455.
730 1511 814 1573 Facis
829 1521 862 1572 ut
876 1513 946 1573 alias
961 1530 1010 1574 res
1024 1514 1111 1576 soles.

189 1602 305 1656 ecastor
320 1594 501 1675 condignum
517 1595 638 1671 donum,
654 1596 762 1674 qualist
776 1597 827 1675 qui
843 1598 954 1658 donum
970 1597 1058 1658 dedit.

187 1679 281 1740 Mene.
325 1679 418 1741 Immo
442 1681 484 1742 sic
511 1681 692 1760 condignum
720 1682 846 1755 donum,
876 1683 983 1761 qualist
1011 1681 1082 1760 quoi
1109 1680 1192 1742 dono
1215 1682 1272 1742 da-

494 1776 595 1828 tumst.

190 1847 264 1908 lvrr.
295 1848 404 1924 Pergin
420 1848 539 1910 autem?
555 1869 657 1910 nonne
673 1869 728 1929 ego
744 1869 875 1928 possum,
892 1851 1024 1926 furcifer,
1040 1859 1069 1912 te
1083 1849 1236 1932 perdere?

189 1934 258 1993 455.
288 1932 354 1992 Noli
369 1933 483 2008 amabo,
499 1934 684 2012 Amphitruo,
700 1935 785 1995 irasci
800 1935 901 1996 Sosiae
916 1954 1004 1997 causa
1018 1955 1093 1998 mea.
1222 1947 1273 1997 545

189 2017 263 2077 lare.
295 2017 412 2078 Faciam
427 2019 466 2078 ita
481 2026 514 2078 ut
527 2018 579 2080 vis·
623 2020 717 2079 Mene.
747 2018 792 2079 Ex
813 2038 912 2081 amore
928 2021 976 2081 bic
995 2022 1152 2082 admodum
1176 2038 1271 2101 quam

494 2121 595 2165 saevos
611 2113 662 2166 est.

142 2212 150 2225 ·
189 2186 264 2248 Ivnr.
294 2187 443 2267 Numquid
458 2186 522 2250 vis?
567 2192 635 2250 Aac.
664 2189 701 2248 Vt
716 2207 807 2267 quom
821 2188 915 2250 absim
931 2207 977 2249 mc
998 2207 1093 2266 ames,
1114 2208 1161 2250 me
1183 2199 1270 2252 tuam

498 2282 527 2334 te
543 2273 675 2335 absentei
689 2283 798 2335 tamen.

190 2355 284 2417 Mune.
314 2356 439 2431 Eamus,
464 2359 654 2436 Amphitruo:
676 2358 800 2419 lucescit
820 2359 877 2420 hoc
893 2359 959 2419 lam.
1003 2359 1078 2419 1555.
1108 2359 1164 2419 nbi
1183 2378 1271 2439 prae,

496 2441 594 2502 Sosia:

189 2524 247 2585 iam
270 2542 324 2602 ego
345 2543 461 2604 sequar.
496 2525 640 2604 numquid
660 2525 723 2587 vis?
772 2527 841 2587 Arc.
872 2527 983 2589 Etiam:
1005 2537 1038 2589 ut
1059 2536 1193 2590 actutum
1215 2530 1270 2590 ad-

495 2610 604 2671 venias.
648 2609 723 2671 1555.
752 2612 844 2684 Licet,

189 2693 273 2772 prius
288 2701 337 2753 tua
354 2693 495 2773 opinione
510 2695 559 2755 blc
574 2696 676 2755 adero:
692 2696 805 2757 bonnm
821 2697 951 2757 animum
966 2695 1050 2757 habe.
1066 2731 1108 2741 —
1223 2708 1271 2758 545

190 2795 273 2838 5555
287 2786 326 2853 15,
342 2797 411 2854 nox,
428 2797 502 2856 quae
519 2799 564 2841 me
580 2781 723 2855 mansisti,
738 2781 823 2841 mitto
839 2781 882 2843 uti
898 2781 984 2842 cedas
999 2782 1045 2842 die

190 2870 223 2922 ut
237 2863 368 2924 mortalis
382 2863 546 2926 inlucescat
561 2866 627 2926 luce
642 2866 720 2926 clara
735 2875 765 2927 et
780 2866 912 2927 candida.

190 2955 279 3025 atque
295 2956 417 3027 quanto,
434 2968 503 3023 nox,
519 2950 601 3012 luisti
613 2951 732 3029 longior
746 2951 802 3011 bac
816 2969 970 3030 proxuma,

190 3039 274 3092 tanto
289 3032 407 3093 brevior
422 3033 484 3094 dies
499 3043 532 3095 ut
548 3036 597 3095 liat
612 3035 725 3109 seciam,
742 3043 775 3096 nt
790 3053 883 3113 acque
899 3035 1037 3115 disparet.

190 3114 241 3178 sed
257 3117 320 3178 dies
336 3136 352 3177 e
367 3126 456 3179 nocte
471 3120 599 3180 accedat.
629 3119 679 3180 ibo
695 3128 724 3181 51
739 3120 920 3182 Mercurium
935 3138 1051 3198 sequar.
1222 3132 1269 3182 555

277 3303 325 3354 539
344 3303 447 3353 actuum
465 3329 498 3339 -
516 3306 618 3353 actuum
636 3302 673 3352 B²
690 3305 762 3366 (item
779 3303 838 3353 544.
848 3302 916 3366 627),
934 3307 1037 3353 actuum
1049 3330 1083 3341 -
1095 3315 1126 3353 ac
1143 3304 1229 3353 tutum
1241 3302 1269 3353 u

191 3372 240 3422 532
258 3369 386 3421 advenisti
403 3369 440 3420 E¹
561 3370 721 3433 5331155115
815 3370 923 3422 15515551
939 3369 1027 3420 Bw«)
1141 3370 1268 3422 53411115

274 3435 436 3500 (15155161,
455 3436 583 3489 (15155111
686 3440 735 3490 531
754 3437 848 3505 edepol
865 3436 971 3488 Nantua
1072 3437 1155 3503 qualis
1174 3441 1215 3488 551
1232 3438 1266 3503 Ε,

190 3506 265 3571 quale
284 3510 325 3558 est
341 3505 398 3566 BD,
418 3504 501 3556 culest
518 3511 631 3556 15515155·
647 3503 754 3557 Nonius
834 3508 884 3559 538
903 3505 1006 3572 qualest
1021 3504 1097 3556 BDE
1177 3503 1268 3558 datust

188 3573 263 3625 BDE
344 3574 394 3627 539
411 3587 463 3625 555
483 3572 639 3639 Spengeltus
717 3576 765 3625 541
785 3589 880 3625 suenus
897 3574 928 3638 B,
947 3587 1029 3624 aeuus
1046 3573 1085 3623 Ι)1
1154 3575 1204 3625 542
1222 3573 1268 3625 *15

189 3640 322 3694 absentem
340 3641 416 3693 codd.
434 3641 577 3705 (absentem
597 3641 775 3706 Camerarius)
794 3641 829 3700 cf.
847 3641 898 3693 826
935 3670 938 3674 >
991 3642 1040 3693 543
1059 3641 1162 3692 luciscit
1177 3640 1270 3691 13¹1}ss

191 3711 239 3760 545
257 3708 319 3761 tuad
336 3710 496 3760 Ritccbeliue
615 3709 700 3774 *[ego]
720 3708 761 3759 bic
779 3707 815 3770 cf.
834 3709 896 3760 Aul.
913 3708 965 3761 274
983 3708 1126 3772 61151566,
1150 3709 1213 3759 Α51.
1231 3708 1267 3760 89

189 3775 258 3826 Men.
276 3776 327 3828 225
348 3777 422 3832 Tria.
440 3777 492 3829 590
509 3777 555 3830 511.
641 3776 788 3828 55555511ι
868 3779 919 3829 546
936 3792 977 3829 me
995 3793 1046 3828 om.
1064 3777 1106 3828 u‘
1169 3777 1267 3839 511]51

191 3842 246 3907 ΒΕ,
264 3845 354 3894 5551)
440 3845 490 3897 diei
586 3847 633 3897 541
653 3843 1070 3909 15155555556,11155555555511
1151 3849 1216 3909 post
1239 3847 1266 3894 et

189 3927 243 3963 ras.
261 3911 390 3963 6111111
485 3915 534 3965 549
552 3927 665 3979 aequem
685 3912 711 3962 D
806 3913 984 3975 550*551]51
1069 3910 1267 3979 *5555555515-

191 3994 284 4046 sequar
352 3981 387 4042 cf.
404 3981 494 4033 Herm.
513 3979 554 4045 18,
571 3979 666 4045 57255.
