2594 4576
445 794 705 871 Anommurvu
727 795 745 868 I

198 963 294 1024 Senex
316 981 419 1024 avarus
441 964 487 1024 vix
509 964 564 1025 sibi
588 963 712 1026 credens
734 965 837 1026 Euclio

104 1049 192 1109 domi
214 1066 283 1109 suae
305 1047 450 1110 defossam
472 1049 571 1111 multis
593 1055 661 1110 cum
684 1049 791 1129 opibus

104 1133 205 1194 aulam
228 1134 348 1209 invenit,
371 1152 547 1213 rursumque
570 1135 688 1214 penitus
710 1136 856 1196 conditam

106 1219 253 1298 exanguis
275 1237 377 1280 amens
398 1229 501 1281 servat
546 1221 608 1282 eius
629 1220 717 1281 filiam

107 1304 277 1385 Lyconides
298 1305 420 1365 vitiarat.
463 1306 576 1366 interea
597 1324 689 1367 senex

108 1390 285 1470 Megadorus
307 1409 324 1450 a
346 1409 449 1451 sorore
471 1410 575 1452 suasus
598 1390 707 1452 ducere

108 1493 234 1537 uxorem
256 1475 334 1535 avari
355 1486 472 1556 gnatam
495 1476 629 1556 deposcit
649 1475 715 1538 sibi.

108 1561 202 1622 durus
225 1579 316 1621 senex
337 1565 383 1622 vix
405 1561 558 1640 promittit,
581 1573 668 1639 atque
690 1562 772 1622 aulae
795 1562 901 1622 timens

108 1645 198 1707 domo
221 1644 365 1706 sublatam
387 1646 472 1708 variis
494 1646 637 1707 abstrudit
659 1647 741 1707 locis.

107 1730 230 1792 insidias
252 1750 352 1792 servos
374 1732 442 1792 lacit
463 1732 550 1793 buius
571 1731 729 1812 Lyconidis

108 1816 162 1894 qui
183 1816 326 1896 virginem
348 1817 476 1893 vitiarat;
499 1827 586 1896 atque
609 1818 672 1897 ipse
694 1816 828 1878 obsecrat

109 1901 288 1963 avunculum
310 1901 499 1980 Megadorum
522 1902 640 1963 sibimet
661 1901 767 1963 cedere

108 2005 235 2048 uxorem
256 1988 375 2048 amanti.
418 2006 473 2067 per
494 1986 594 2048 dolum
616 2005 685 2047 mox
706 1986 809 2047 Euclio

108 2090 202 2150 quom
223 2072 398 2152 perdidisset
419 2073 524 2147 aulam,
547 2074 696 2151 insperato
719 2072 831 2133 invenit

106 2157 263 2236 laetusque
286 2167 383 2219 natam
406 2158 542 2220 conlocat
563 2157 715 2238 Lyconidi.

436 2379 696 2454 Anovunurvm
717 2379 758 2454 II

107 2549 216 2618 Aulam
237 2565 384 2638 repertam
407 2557 470 2618 auri
492 2558 610 2637 plenam
630 2560 735 2622 Euclio

109 2635 146 2704 Vi
168 2661 281 2704 summa
303 2649 407 2716 servat,
430 2641 544 2704 miseris
566 2645 698 2708 adlectus
719 2646 823 2707 modis.

111 2721 277 2809 Lyconides
298 2729 382 2791 istius
403 2727 484 2788 vitiat
505 2728 602 2790 filiam.

109 2806 275 2875 tortusue
297 2813 470 2893 Megadorus
491 2813 654 2876 indotatam
676 2817 793 2891 ducere,

111 2892 293 2979 [ubensque
315 2907 348 2960 ut
369 2898 454 2959 saciat
476 2898 525 2959 dat
546 2918 659 2979 coquos
681 2920 748 2962 cum
771 2899 905 2962 obsonio.

108 2976 194 3046 Auro
217 2984 354 3045 formidat
374 2983 488 3058 uacuo,
510 2983 656 3046 abstrudit
676 2987 756 3048 foris.

110 3061 155 3131 Re
178 3070 259 3131 omni
281 3070 413 3150 inspecta
436 3071 647 3148 compresseris
668 3072 797 3134 servolus

110 3147 143 3216 ld
165 3155 269 3235 surpit.
314 3154 376 3215 lllic
398 3153 535 3215 Euclioni
557 3176 619 3217 rem
643 3158 742 3217 refert.

109 3233 159 3301 Ab
183 3259 218 3301 eo
241 3240 368 3302 donatur
389 3258 471 3316 auro,
494 3258 586 3302 uxore
609 3250 639 3303 et
660 3242 729 3302 filio.

767 3371 793 3375 --
800 3367 1176 3376 ...-n—..--——---——-.

197 3425 289 3476 lncn>1r
305 3427 364 3489 (om.
377 3427 409 3490 Ε)
421 3440 559 3477 rnononvs.
573 3423 925 3490 monumentorum
944 3440 992 3476 om.
1002 3425 1028 3474 D
1082 3428 1110 3477 11
1124 3424 1179 3490 ipse

113 3510 166 3544 om.
184 3494 209 3544 Ε
280 3495 311 3546 12
332 3493 423 3545 nuere
441 3495 486 3558 Ba,
505 3495 606 3545 credere
625 3494 709 3546 Lond.

200 3561 296 3612 Pnnvrr
313 3576 455 3613 nvnvnnmn
472 3576 571 3614 rucunr.
590 3577 760 3614 nncvunurvu
778 3562 834 3625 BE,
853 3576 903 3612 om.
920 3560 946 3609 D
1024 3563 1035 3611 1
1056 3561 1108 3611 auri
1126 3559 1179 3627 ple-

110 3632 182 3693 nam]
200 3645 293 3682 avarns
309 3630 411 3696 plenam
429 3631 483 3682 auri
500 3630 613 3681 Botbius
693 3629 844 3682 6abstridit
861 3629 930 3680 iores
1004 3628 1180 3694 linspectata

111 3699 259 3750 Muellerus

548 3872 665 3879 ——-..
670 3873 749 3879 —-..
