2594 4576
114 240 255 292 ansi-rs
582 223 735 278 ASlNAlllA
1144 227 1183 286 gp

117 397 193 461 Arc.
218 393 511 479 Quidquomadest'l
544 397 617 458 linis.
640 396 765 460 Periisse
777 399 872 478 cupio.
911 400 980 462 Pin.
1002 399 1185 463 Amathomo

474 482 522 543 bic
537 492 575 556 te,
590 492 623 543 ut
636 485 794 563 praedicat.
947 498 950 503 ’

117 570 193 634 Aur.
219 569 264 630 Ne
277 570 325 631 illa
341 576 455 630 ecastor
470 570 618 629 faenerato
633 570 771 631 funditat:
788 571 895 632 namsi
910 572 1029 633 domum

117 655 241 718 redierit
255 655 351 729 hodic,
367 654 526 716 osculando
542 671 597 732 ego
611 654 736 717 ulciscar
751 657 955 736 potissumum.

117 742 192 803 Aue.
221 741 296 815 lace,
312 748 410 820 pater,
426 740 508 815 talos,
527 748 559 801 ut
573 758 663 818 porro
679 759 733 802 nos
748 741 894 804 iaciamus.
937 744 1012 804 Dnu.
1042 743 1184 803 Maxume.

116 834 159 901 to,
174 826 369 899 Philaenium,
385 825 457 886 mihi
468 833 556 903 atque
566 826 667 886 uxoris
677 834 813 888 mortem.
843 827 1107 890 hocVeneriumst.
1142 839 1186 888 905

115 911 216 993 pueri,
231 911 361 991 plaudite
377 919 406 971 ct
420 911 460 971 mi
476 910 513 970 ob
529 911 637 972 iactum
652 911 793 973 cantharo
808 914 936 975 mulsum
952 915 1027 975 date.
1091 914 1093 919 ’

115 997 190 1059 Aur.
220 997 287 1058 Non
303 1014 381 1075 queo
396 995 510 1057 durare.
540 997 609 1056 Pin.
638 997 668 1058 Si
684 1016 745 1058 non
761 997 886 1060 didicisti
900 999 1062 1074 fulloniam,

115 1102 181 1145 non
196 1082 400 1143 mirandumst
431 1102 448 1141 s
473 1103 490 1140 o
512 1081 542 1142 in
560 1081 661 1144 oculos
676 1082 771 1143 invadi
787 1092 977 1162 optumumst.

114 1168 191 1229 Aur.
221 1166 285 1247 Ego
301 1167 352 1247 pol
367 1167 456 1227 vivam
472 1175 501 1228 ct
516 1175 548 1228 tu
563 1166 651 1228 istaec
666 1168 753 1228 hodie
768 1187 835 1230 cum
851 1179 902 1230 tuo
917 1189 1025 1250 magno
1040 1169 1116 1230 malo

114 1253 299 1316 invocavisti.
343 1254 411 1313 Pan.
442 1252 551 1330 Ecquis
565 1253 659 1313 currit
673 1253 880 1332 pollinctorem
894 1253 1067 1317 accersere?
1142 1264 1186 1315 910

114 1338 190 1400 Ano.
222 1338 323 1413 Mater,
339 1339 424 1400 salve.
468 1338 539 1397 Aur.
569 1338 620 1399 Sat
637 1338 759 1400 salutist.
804 1340 873 1401 Pin.
903 1341 1049 1402 Mortuost
1062 1341 1184 1403 Demae-

474 1431 571 1484 nctus.

113 1516 236 1589 tempus
250 1517 296 1570 est
309 1507 474 1570 subducere
490 1507 560 1569 binc
575 1526 636 1584 me;
652 1508 754 1588 pulcre
769 1510 826 1571 hoc
841 1510 937 1590 gliscit
951 1511 1106 1590 proelium.

113 1594 167 1655 ibo
182 1595 220 1655 ad
235 1593 399 1667 Diabolum,
415 1592 550 1654 mandata
565 1592 659 1654 dicam
674 1595 749 1655 lacta
764 1603 797 1656 ut
811 1595 943 1657 volucrit.

112 1688 206 1759 atqua
220 1679 332 1740 interea
348 1688 381 1740 ut
395 1677 605 1740 decumbamus
619 1678 757 1753 suadebo,
772 1680 803 1740 hi
818 1681 888 1742 dum
902 1681 1026 1759 litigant.

111 1772 204 1845 poste
219 1765 336 1826 demum
351 1764 410 1825 huc
425 1782 489 1825 cras
504 1763 647 1824 adducam
661 1763 697 1824 ad
712 1764 819 1839 lenam,
835 1774 868 1826 ut
881 1766 984 1845 viginti
1001 1766 1094 1827 minas
1142 1773 1185 1825 915

111 1850 141 1913 oi
155 1850 218 1925 det,
232 1850 265 1911 in
279 1857 390 1930 partem
406 1851 461 1911 hac
476 1849 584 1911 amanti
600 1858 633 1910 ut
647 1849 733 1910 liceat
747 1850 774 1910 ei
790 1851 921 1931 potirier.

112 1934 302 2016 Argyrippus
317 1935 433 1996 exorari
448 1954 535 2014 spero
551 1935 669 2015 poterit,
686 1944 717 1996 ut
732 1936 810 1996 sinat

112 2038 182 2083 sese
195 2020 325 2081 alternas
340 2039 406 2080 cum
422 2020 470 2081 illo
487 2031 590 2081 noctes
604 2021 659 2080 hac
674 2021 741 2081 frui.
772 2040 841 2081 nam
857 2022 888 2082 ni
903 2022 1037 2102 impetro,

111 2122 219 2184 rogem
234 2105 363 2185 perdidi:
380 2124 415 2165 er
431 2124 530 2165 amore
545 2113 688 2166 tantumst
702 2105 814 2166 bomini
829 2106 1009 2167 incendium.
1025 2140 1066 2150 -

112 2190 189 2252 Aur.
221 2190 299 2262 Quid
313 2190 367 2250 tibi
382 2191 462 2251 hunc
477 2192 609 2269 receptio
623 2190 658 2250 ad
674 2198 731 2251 test
748 2209 847 2251 meum
861 2189 978 2253 virum?
1022 2190 1101 2250 Pnu..
1132 2189 1184 2249 Pol

473 2295 520 2336 me
535 2275 653 2354 quidem
1142 2283 1185 2334 919

110 2360 252 2422 miseram
269 2360 336 2420 odio
352 2361 484 2422 dulcavit.
529 2361 600 2420 Aur.
631 2361 736 2440 Surge,
751 2369 871 2437 amator,
887 2361 896 2422 i
911 2361 1041 2422 domum.

111 2446 191 2508 Dnn.
216 2445 321 2508 Nullus
332 2465 407 2507 sum.
451 2448 522 2506 Ans.
545 2445 638 2506 lmmo
654 2464 694 2521 cs,
712 2465 749 2506 ne
760 2465 844 2526 nega,
858 2448 988 2507 omnium
1006 2439 1183 2529 [bominum]

474 2532 525 2610 pol
541 2532 757 2609 nequissumus.

110 2626 144 2679 at
159 2614 249 2677 ctiam
264 2615 352 2676 cubat
368 2615 498 2677 cuculus.
528 2635 625 2695 surge,
642 2625 763 2691 amator,
779 2617 788 2676 i
803 2615 933 2677 domum.

110 2702 191 2765 linia.
223 2700 281 2762 Vae
298 2701 377 2761 mihi.
421 2701 492 2761 Aur.
515 2701 589 2761 Vera
603 2702 756 2763 hariolare.
780 2719 877 2781 surge,
893 2709 1014 2775 amator,
1030 2699 1040 2760 i
1054 2700 1183 2760 domum.

109 2786 192 2849 litu.
219 2786 351 2849 Abscede
366 2805 437 2866 ergo
452 2786 605 2866 paululum
620 2787 704 2848 istuc.
748 2789 819 2847 Aur.
851 2787 954 2866 Surge,
969 2795 1091 2860 amator,
1107 2785 1117 2845 i
1132 2786 1184 2846 do·

111 2984 999 2995 ——·—————--——————-————-—-——
1004 2983 1183 2999 —··-—f—

201 3042 251 3092 901
270 3039 366 3105 perisse
435 3038 471 3101 cs.
489 3040 823 3106 Lucbs.eomm.proa.17
892 3042 942 3093 992
960 3040 1004 3091 illa
1023 3044 1123 3092 ecastor
1134 3039 1186 3090 Bo-

109 3109 198 3171 ibim]
217 3107 261 3158 ille
279 3112 362 3159 castor
373 3107 487 3174 Nonius,
504 3108 548 3160 ille
566 3113 666 3160 ecastor
684 3109 758 3160 codd.
819 3106 903 3160 tundit
914 3107 1019 3160 Nonius
1082 3110 1132 3160 994
1150 3109 1186 3158 ia-

109 3190 221 3229 ceamus
288 3177 337 3228 9⁰5
355 3177 427 3228 uxori
440 3177 552 3243 Pylades
620 3179 669 3229 997
683 3176 856 3244 nomqueoD,
869 3192 926 3228 nam
939 3177 1042 3244 queoE
1109 3174 1186 3228 lullo-

108 3245 200 3297 nicam
219 3243 303 3310 codd,
320 3261 389 3296 corr.
407 3245 499 3295 Dousu
576 3247 624 3298 908
643 3245 746 3311 *figitur
763 3245 868 3308 homini]
942 3260 993 3296 non
1011 3243 1185 3306 mirandumst‚

109 3312 272 3379 [Artemona.
307 3313 380 3374 Ann]
403 3313 428 3363 in
452 3312 540 3365 oculos
559 3331 580 3364 e.
599 3331 623 3380 q.
643 3330 663 3364 s.
683 3314 798 3364 Haustus
818 3329 871 3368 rec.
890 3314 922 3364 da
942 3313 1010 3380 pbil,
1028 3313 1053 3376 6,
1072 3313 1121 3364 153
1139 3313 1187 3377 qut

108 3396 209 3433 veram
226 3378 361 3433 893-909
379 3379 545 3432 Fleckeisem'
562 3385 588 3431 et
605 3382 727 3447 Vsaingia‘
742 3384 856 3433 iuvantis
875 3397 939 3432 uuus
953 3381 1130 3447 probabiliter
1147 3381 1186 3429 sic

109 3449 257 3503 ordinauit
267 3452 300 3499 nt
309 3466 337 3500 ae
348 3453 486 3516 occipiunt
496 3467 536 3501 vv.
546 3451 605 3503 893.
617 3449 759 3504 896-898.
771 3451 830 3503 894.
839 3453 897 3504 895.
906 3449 964 3502 902.
973 3449 1033 3502 993.
1042 3448 1185 3502 899-991.

108 3517 173 3573 997.
191 3516 253 3571 998.
270 3516 414 3569 aot-906.
432 3519 483 3569 999
571 3520 620 3570 999
639 3523 667 3568 tu
684 3518 764 3570 istaec
783 3519 958 3580 Camerarius]
977 3518 1028 3570 tuis
1046 3515 1109 3567 haec

108 3588 165 3641 919
184 3585 313 3637 invocasti
381 3591 407 3637 et
425 3585 482 3652 quis
551 3586 729 3652 pollinctorem
746 3586 860 3650 Nonius]
879 3587 1037 3651 pollictorem
1055 3584 1112 3649 BD,
1130 3583 1185 3650 pol·

108 3654 208 3707 lictore
224 3653 251 3705 ll
318 3655 366 3707 911
387 3658 427 3706 sat
444 3654 545 3707 salutist
565 3655 741 3719 Camerarius]
765 3663 805 3708 sat
822 3655 911 3707 salutis
929 3653 984 3718 BD,
1003 3653 1036 3704 sit
1054 3652 1144 3704 salutis
1162 3653 1186 3702 ll

107 3722 165 3778 912
184 3726 288 3788 tempus
305 3728 345 3774 est
356 3721 470 3786 Nonius]
488 3727 588 3790 tempus
657 3723 746 3775 biclla
813 3725 863 3776 916
880 3724 906 3773 in
923 3728 996 3789 parte
1014 3721 1098 3785 codd,
1115 3736 1185 3772 corr.

106 3792 264 3845 nmmum
330 3791 451 3857 potierier
467 3790 554 3841 B¹DE
570 3790 770 3858 (poteirierLGl
839 3792 890 3843 929
907 3790 998 3842 hucM
1066 3789 1187 3843 921911-

106 3858 185 3913 cabit
196 3855 286 3910 uum
353 3859 469 3911 enecavit
486 3860 546 3912 odio
564 3861 681 3912 miseram
701 3860 826 3926 (rogetus,
844 3874 877 3911 m.
895 3861 961 3922 [suo]
979 3873 1003 3911 o.
1016 3873 1038 3912 e.
1050 3858 1187 3909 Bentleius

104 3929 164 4050 1922
182 3926 300 4047 &sabaium
317 3927 447 3980 hominum
459 3928 656 3992 Fleckeisenus]
674 3928 786 3981 omnium
797 3927 856 3992 DE,
874 3927 969 3978 oinium
980 3927 1004 3978 B
1063 3929 1112 3980 925
1124 3943 1187 3994 pau-

117 4011 166 4050 nm
