2594 4576
197 234 236 292 26
672 235 793 289 PLAV'l'l

238 418 267 471 et
281 410 357 489 apud
373 419 402 470 te
418 409 518 470 adsum
535 408 618 470 Sosia
633 409 720 469 idem.

237 496 313 555 satin
329 495 386 554 hoc
396 495 498 574 plane,
515 493 590 553 satin
607 491 715 552 diserte
732 512 804 568 esse,

239 597 298 648 ere,
315 598 396 640 nunc
410 578 512 639 videor
527 577 580 637 tibi
595 576 736 638 locutus?

239 665 330 724 Auru.
359 663 431 735 Vah,
447 666 537 740 apage
554 671 686 721 teame.
731 662 795 722 Sos.
826 661 963 733 Quidest
979 661 1100 740 negotil
1231 676 1280 728 080

237 748 330 808 Auen.
357 747 450 808 Pestis
465 754 494 806 te
508 754 614 825 tenet,⁴
645 746 708 807 Sos.
739 747 811 806 Nam
828 764 905 823 quor
919 746 994 807 istuc

239 830 331 893 dicis?
353 832 488 910 equidem
503 831 585 891 valeo
601 838 631 891 et
645 831 738 892 salvos

237 935 303 978 sum
318 925 408 976 recte.
451 916 544 975 Auru.
574 916 611 976 dt
626 925 654 976 te
671 923 726 994 ego
741 916 844 976 faciam
860 915 956 989 hodie,

238 1000 365 1080 proinde
380 1018 414 1060 ac
430 1000 570 1074 meritu’s,

238 1095 273 1146 ut
287 1085 386 1146 minus
400 1085 495 1146 valeas
511 1094 540 1145 ct
554 1085 644 1146 miser
659 1085 709 1154 sis,

239 1170 332 1230 salvos
347 1168 467 1230 domum
483 1169 507 1231 si
522 1171 648 1230 rediero.

196 1258 321 1333 sequere
335 1255 384 1327 sis,
400 1272 483 1315 erum
499 1259 550 1333 qul
565 1255 699 1314 ludificas
714 1253 799 1314 dictis
814 1253 1017 1326 delirantibus,
1233 1267 1283 1318 585

196 1339 248 1417 qui
264 1339 402 1418 quoniam
418 1358 486 1399 erus
501 1341 582 1417 quod
596 1338 750 1417 imperavit
765 1338 919 1416 neglexisti
932 1337 1081 1417 persequi,

197 1442 280 1484 nunc
295 1424 377 1485 venis
391 1424 476 1484 etiam
493 1424 571 1484 ultro
587 1423 712 1485 inrisum
728 1423 896 1499 dominum3
913 1441 988 1502 quae
1003 1441 1101 1501 neque
1116 1424 1185 1484 fieri

196 1518 322 1586 possunt
334 1526 431 1586 neque
442 1508 531 1569 lando
542 1527 682 1587 umquam
690 1508 804 1587 accepit
815 1508 970 1587 quisquam
979 1509 1105 1586 profers,
1114 1512 1280 1573 carnulex:

197 1593 304 1670 quoius
320 1613 374 1672 ego
390 1594 477 1654 hodic
492 1592 523 1653 in
539 1602 655 1672 tergum
671 1595 737 1654 faxo
753 1594 807 1654 ista
823 1600 962 1672 expetant
976 1593 1137 1654 mendacia.

198 1678 262 1740 Sos.
292 1678 478 1757 Amphitruo,
493 1679 667 1740 miserruma
683 1679 772 1739 istaec
787 1678 933 1739 miseriast
947 1696 1031 1740 servo
1046 1678 1137 1754 bono,
1233 1691 1280 1742 500

196 1762 274 1841 apud
290 1783 374 1824 erum
391 1765 441 1842 qui
456 1782 524 1824 vera
538 1764 680 1842 loquitur,
696 1765 720 1824 si
735 1765 763 1824 id
778 1764 805 1823 vi
822 1780 923 1823 verum
937 1763 1074 1824 vincitur.

197 1848 289 1908 Auru.
320 1846 385 1918 Qun
408 1848 451 1919 id,
473 1848 597 1922 malum,
619 1857 704 1928 pacto
726 1856 824 1927 potest
845 1866 914 1908 nam
934 1846 1069 1925 (mecum
1087 1851 1278 1926 argumentis

525 1934 584 2009 uta)

197 2016 271 2091 fieri,
287 2034 368 2076 nunc
384 2015 427 2076 uti
442 2024 474 2075 tu
492 1951 545 2099 [Ξο]
560 2017 609 2076 hic
625 2017 664 2078 sis
680 2024 709 2077 et
723 2016 826 2076 dorni‘l
841 2017 871 2077 id
886 2017 944 2077 dici
959 2018 1036 2077 volo.

199 2102 262 2162 Sos.
294 2101 365 2160 Sum
381 2102 515 2179 profecto
532 2103 623 2162 ethic
640 2111 669 2162 et
684 2102 734 2162 illi.
764 2103 821 2162 hoc
837 2102 952 2180 quoivis
966 2101 1067 2162 mirari
1082 2102 1160 2163 licet.

197 2205 253 2247 nec
267 2204 337 2247 vero
353 2186 406 2246 tibi
420 2187 497 2247 istuc
512 2187 620 2247 mirum
635 2187 727 2265 magis
742 2187 858 2247 videtur
873 2205 961 2265 quam
976 2187 1057 2247 mihi.
1231 2200 1277 2250 505

197 2273 289 2331 Auen.
327 2270 526 2342 Quomodo?
577 2273 641 2333 Sos.
676 2271 789 2344 Nihilo,
812 2272 950 2350 inquam,
971 2272 1081 2333 mirum
1102 2273 1197 2350 magis
1219 2274 1276 2334 tibi

502 2357 578 2416 istuc
594 2375 681 2434 quam
697 2356 777 2416 milri.

198 2459 305 2521 neque,
322 2441 360 2500 ita
375 2459 422 2500 me
438 2441 466 2499 di
482 2448 591 2513 ament,
607 2439 765 2500 credebam
780 2441 877 2519 primo
891 2441 1026 2501 mihimet
1041 2441 1151 2516 Sosiae,

198 2527 294 2587 donec
309 2525 391 2585 Sosia
407 2524 467 2585 illic
483 2533 600 2603 egomet
614 2526 684 2586 lecit
698 2525 754 2586 sibi
771 2526 814 2586 uti
829 2527 991 2587 crederem.

198 2611 303 2671 ordine
319 2628 416 2682 omne,
432 2609 475 2669 uti
491 2610 619 2688 quicque
634 2617 770 2684 actumst,
786 2611 854 2671 dum
871 2612 948 2689 apud
963 2612 1063 2672 hostes
1078 2610 1220 2687 sedimus,

198 2694 388 2756 edissertavit.
418 2702 480 2753 tum
496 2696 620 2755 farinam
636 2714 695 2755 una
711 2696 831 2757 abstulit
846 2714 913 2755 curn
931 2696 1061 2756 nomine.
1228 2708 1274 2758 000

197 2798 295 2858 neque
310 2779 355 2838 lac
370 2779 453 2840 lactis
468 2780 560 2859 magis
576 2790 620 2842 est
634 2780 737 2854 simile,
755 2799 844 2859 quam
860 2780 907 2840 ille
924 2800 978 2859 ego
995 2780 1110 2840 similist
1125 2781 1194 2841 mei.

197 2883 265 2925 nam
281 2873 314 2924 ut
329 2863 439 2925 dudum
456 2873 525 2925 ante
540 2866 637 2931 lucem
652 2883 668 2924 a
684 2873 773 2944 portu
789 2883 836 2925 me
852 2865 1027 2943 praemisisti
1044 2865 1164 2925 domum
1181 2899 1225 2909 -—

196 2950 289 3008 Auen.
320 2947 397 3018 Quid
413 2947 525 3026 igitur?
569 2949 634 3011 Sos.
664 2949 750 3012 Prius
765 2951 858 3011 multo
873 2960 941 3011 ante
958 2950 1037 3011 aedis
1051 2951 1163 3011 stabam
1181 2969 1274 3028 quam

502 3034 551 3094 illo
567 3035 752 3095 adveneram.

195 3117 287 3177 Auen.
318 3117 406 3193 Quas,
423 3118 542 3192 malum,
559 3117 676 3197 nugas?
697 3120 773 3180 satin
789 3129 821 3179 tu
837 3136 927 3179 sanus
943 3116 997 3179 es?
1041 3119 1106 3179 Sos
1137 3119 1186 3179 Sic
1204 3139 1273 3180 sum

501 3213 534 3264 ut
549 3203 636 3265 vides.

279 3441 330 3490 519
348 3436 442 3488 diserte
460 3452 517 3489 esse
535 3466 568 3474 -
587 3437 688 3488 locutus
705 3437 902 3502 Fleclceieenus]
922 3436 1016 3489 diserte
1033 3465 1067 3475 -
1085 3436 1188 3487 locutus
1212 3451 1272 3488 esse

195 3508 243 3559 581
264 3521 313 3572 qur
329 3505 386 3569 BD,
405 3506 462 3572 quir
480 3507 504 3557 d
588 3508 724 3558 58200010
743 3505 886 3570 amplritrio⁴
913 3503 1013 3555 ΑΜΡΗ.
1031 3504 1115 3564 codd,
1134 3519 1204 3555 corr.
1223 3504 1273 3556 Lo

195 3589 208 3624 a
229 3579 255 3625 te
271 3574 339 3638 dm,
357 3588 404 3624 au
423 3574 456 3624 13¹
527 3576 577 3626 584
594 3573 692 3625 rediero
705 3574 834 3636 Holtzt'ua]
852 3573 950 3625 rediero
968 3573 1018 3623 iam
1089 3573 1137 3624 585
1156 3571 1206 3623 sies
1223 3573 1272 3636 aa,

195 3642 230 3692 sir
247 3642 272 3692 E
340 3643 391 3694 589
409 3657 460 3708 quo
478 3642 519 3691 uis
536 3642 584 3692 ΒΕ
652 3647 725 3706 tergo
743 3642 829 3703 codd„
848 3657 919 3693 eurr.
930 3641 1072 3692 Acidaliae
1141 3642 1188 3692 591
1209 3655 1272 3692 vera

194 3709 317 3776 Pylades]
331 3710 407 3760 verba
477 3711 527 3762 592
540 3713 625 3775 potest
636 3707 751 3772 Nonius]
768 3714 842 3775 potes
909 3713 983 3775 putet
994 3708 1099 3759 Nonius
1169 3709 1218 3760 593
1232 3708 1272 3760 011

194 3779 222 3827 10
240 3779 266 3827 01
284 3776 428 3840 Lemauos]
447 3781 476 3827 ut
494 3782 521 3827 tu
591 3779 641 3829 594
658 3776 712 3827 illic
781 3792 829 3827 000
848 3776 888 3828 uis
906 3776 943 3826 13⁶
961 3777 1062 3827 utoid.
1137 3777 1186 3827 595
1205 3776 1271 3828 *neo

193 3843 266 3908 vero]
285 3858 369 3909 neque
447 3846 496 3897 598
514 3844 558 3895 ille
636 3847 686 3896 599
705 3842 818 3896 ordinem
838 3860 938 3895 omnem
956 3845 983 3896 D
1056 3847 1084 3896 ut
1154 3844 1271 3910 quicum·

195 3912 283 3978 queE
314 3913 400 4029 6600
418 3912 593 3963 0000111111ι
662 3911 1064 3974 601lactisllitsclrclt'us]lacti
1133 3911 1272 3965 similecsl

194 3980 245 4031 mei
331 3981 364 4030 04
382 3984 422 4030 cst
438 3981 488 4031 ud
