2594 4576
535 240 718 296 PRAEFATIO
1120 242 1163 297 Vll

82 419 181 480 datur.
219 416 304 478 cuius
325 415 369 476 rei
385 415 503 495 insigne
518 413 686 494 exemplum
701 413 822 494 praebet
838 413 933 476 hiatus
947 413 1060 475 scilicet
1074 414 1161 477 Plau-

82 504 175 565 tinus.

171 585 291 647 lliatum
314 593 433 665 praeter
454 602 593 645 versuum
616 603 677 645 non
701 601 882 645 conexorum
906 583 1049 657 confinia,
1075 601 1162 645 voces

83 669 306 753 monosyllabas
320 672 351 732 in
367 669 441 732 arsis
454 668 569 732 solutae
585 669 670 730 initio
687 677 796 744 acutas,
818 667 1041 730 interiectiones
1055 685 1162 729 mono·

83 755 213 838 syllabas
236 756 355 835 (quibus
369 754 501 817 hiulcum
525 773 586 815 non
603 754 681 815 ellici
704 771 872 815 sermonem
895 761 1055 815 senserunt
1070 752 1161 814 Bent-

84 843 162 904 leius
177 841 370 902 llermannus
384 839 589 917 llitschelius),
611 839 724 900 hiatum
739 839 844 918 igitur,
867 838 918 918 qui
941 846 986 900 est
1007 838 1105 900 hiatus
1123 838 1162 900 ita

82 928 128 989 uti
151 944 263 988 nomen
285 925 433 1005 possidet,
456 924 548 986 ullum
572 924 723 986 admisisse
740 923 876 985 Plautum
899 941 993 1002 nego,
1016 943 1077 985 non
1101 942 1161 1003 quo

83 1012 223 1074 codicum
246 1010 450 1072 auctoritatem
474 1009 525 1089 qui
548 1009 675 1072 cuiusvis
696 1009 815 1088 generis
843 1017 995 1071 sescentos
1016 1009 1162 1089 praebent

82 1106 198 1159 temere
220 1096 304 1157 nihili
323 1095 441 1169 faciam,
468 1094 518 1157 sed
541 1093 695 1174 multiplici
717 1094 944 1156 ratiocinatione
965 1111 1037 1155 sane
1059 1113 1120 1156 non
1145 1112 1162 1154 a

82 1201 132 1244 me
147 1181 247 1262 primo
262 1181 396 1242 instituta
410 1181 504 1242 iretus
522 1198 597 1258 quae
613 1188 643 1240 et
657 1178 757 1258 potior
772 1188 817 1240 cst
831 1178 974 1240 librorum
989 1178 1047 1239 tide
1063 1187 1093 1240 et
1108 1197 1161 1240 cur

83 1267 197 1329 totiens
211 1266 312 1327 hietur
324 1265 355 1326 in
371 1263 455 1326 libris
470 1264 557 1326 simul
579 1264 715 1344 explicat.
745 1263 873 1343 primum
895 1263 985 1344 igitur
999 1263 1083 1324 rideo
1099 1263 1162 1324 En-

83 1352 170 1413 nium
185 1358 305 1431 praeter
319 1349 452 1412 licentias
475 1350 635 1411 nonnullas
657 1349 845 1427 graecanicas
867 1347 904 1410 ab
927 1349 991 1427 ipso
1014 1347 1045 1408 in
1068 1356 1160 1411 artem

83 1436 227 1498 admissas
242 1435 381 1516 ignorare
396 1435 518 1508 hiatum,
541 1434 662 1496 Terenti
677 1433 852 1508 comoedias,
876 1451 949 1513 quas
963 1432 1077 1496 scilicet
1091 1452 1160 1495 eru-

83 1522 137 1582 diti
153 1521 293 1582 homines
314 1520 413 1581 statim
435 1528 465 1580 et
486 1537 555 1580 mox
577 1519 761 1597 grammatici
783 1518 921 1580 manibus
942 1516 1107 1593 versabant,
1129 1519 1160 1579 in

84 1605 238 1668 codicibus
252 1605 316 1666 lere
331 1613 466 1666 carentes
480 1604 586 1665 hiulcis
600 1604 722 1665 vocibus
744 1603 811 1682 legi,
833 1603 1015 1683 posteriores
1029 1602 1161 1664 Ennium

83 1691 179 1770 sequi,
201 1689 344 1752 vocabula
366 1688 490 1751 iambica
513 1707 580 1751 cum
596 1687 790 1767 sequentibus
812 1690 874 1750 fere
890 1707 951 1749 non
975 1689 1160 1760 contrahere,

83 1777 180 1855 ipsam
196 1774 407 1855 synaloepham
430 1775 500 1836 inde
517 1773 554 1835 ab
571 1772 673 1834 Ouidio
696 1781 811 1834 tantum
827 1791 887 1835 non
911 1773 1074 1853 expellere,
1098 1773 1159 1835 hia·

82 1869 149 1922 tum
170 1861 309 1941 ignorare
325 1879 444 1935 omnes3
466 1859 551 1921 rideo
568 1858 662 1920 Plauti
684 1876 786 1920 versus
808 1859 932 1920 refertos
955 1877 1018 1920 esse
1039 1858 1160 1920 vocibus

84 1944 334 2018 coalescentibus,
358 1944 474 2006 nonin
498 1943 641 2005 continuo
664 1952 779 2006 tantum
802 1961 956 2014 sermone,
984 1943 1035 2004 sed
1061 1944 1092 2004 in
1116 1943 1160 2005 di·

83 2029 205 2103 stincto,
221 2029 301 2091 inter
315 2046 458 2109 personas
473 2029 640 2103 distributo,
655 2028 852 2090 incisionibus
862 2027 1000 2103 distento,
1016 2037 1050 2090 ut
1063 2028 1160 2089 hiatus

84 2115 123 2175 ad
137 2114 282 2175 librorum
298 2114 446 2176 rationem
467 2114 630 2178 intermixti
644 2113 771 2175 lectores
785 2114 979 2187 haesitantes,
1000 2113 1159 2175 histriones

84 2201 187 2278 (atque
202 2217 327 2260 scaenae
341 2199 417 2260 haec
438 2199 548 2278 scripta
562 2207 640 2272 sunt,
664 2218 724 2261 non
741 2198 861 2260 lectioni
884 2206 934 2259 aut
952 2198 1159 2276 grammatico·

85 2301 156 2345 rum
174 2284 289 2361 studiis)
313 2282 511 2345 balbutientes
538 2284 704 2346 necessario
726 2284 894 2345 effecissent
901 2301 910 2358 ;
935 2283 1020 2344 video
1043 2282 1161 2344 Cicero·

87 2386 159 2430 nem
175 2377 247 2430 noto
260 2368 395 2430 Oratoris
408 2368 475 2430 loco
491 2387 527 2429 ex
538 2368 636 2430 Ennio
648 2369 758 2430 hiatum
775 2369 991 2447 graecanicum,
1007 2387 1043 2429 ex
1054 2367 1160 2429 Naevio

86 2454 148 2516 duo
168 2453 266 2516 hiatus
282 2473 343 2515 non
358 2453 479 2529 hiatus,
502 2472 536 2514 ex
553 2453 656 2515 Plauto
672 2454 787 2515 nullum
802 2455 932 2528 adferre,
953 2462 1056 2533 poetas
1071 2471 1161 2532 quos·

86 2539 154 2600 dam
170 2546 204 2600 ut
218 2557 320 2601 versus
342 2539 476 2600 lacerent
496 2557 584 2618 saepe
599 2539 704 2614 hiasse,
727 2540 778 2601 sed
802 2557 840 2600 ne
862 2538 952 2600 licere
968 2539 1086 2618 quidem
1100 2538 1161 2598 Ro·

86 2623 185 2685 manis
199 2623 371 2685 hominibus
384 2641 473 2685 voces
488 2624 651 2685 distrahere
665 2625 899 2704 praedicantem,
923 2642 994 2702 ergo
1009 2625 1039 2685 in
1056 2640 1161 2685 scaena

86 2707 203 2769 hiulcos
217 2726 371 2770 sermones
385 2709 575 2788 pronuntiari
598 2710 730 2788 potuisse
753 2718 783 2770 et
800 2709 906 2788 ipsum,
930 2709 981 2788 qui
1005 2727 1061 2770 nec
1075 2726 1160 2788 spec·

85 2792 209 2854 taretin
225 2811 331 2855 scaena
346 2793 508 2855 Naevianus
530 2794 642 2857 fabulas
664 2805 693 2856 et
714 2794 931 2873 exemplaribus
953 2803 1087 2855 uteretur
1104 2794 1161 2854 iam

87 2877 213 2939 noviciis
228 2878 331 2940 lormis
349 2878 484 2954 iniectas,
508 2898 631 2958 negare3
653 2880 737 2941 rideo
760 2879 862 2941 lormis
876 2879 1086 2941 vetustioribus
1104 2878 1161 2939 lin·

87 2980 163 3040 guae
185 2962 308 3024 Latinae
330 2962 425 3024 Plauti
445 2971 540 3025 aetate
560 2964 764 3026 incredibilem
786 2964 815 3025 in
840 2964 960 3025 modum
981 2963 1161 3038 fluctuantis,

87 3047 191 3108 lormis
203 3047 293 3126 igitur
307 3065 381 3126 quas
392 3048 460 3109 libri
473 3068 533 3111 non
547 3049 701 3129 praebent,
716 3049 804 3124 tituli,
820 3049 1010 3129 grammatici,
1026 3049 1161 3129 analogia

87 3131 242 3211 praebent,
263 3150 401 3212 magnam
423 3134 557 3196 hiatuum
572 3144 686 3214 partem
703 3134 864 3196 removeri:
889 3153 946 3213 qua
969 3135 1004 3196 de
1026 3154 1059 3196 re
1082 3134 1160 3214 quod

88 3217 223 3278 nondum
236 3217 385 3295 explorata
396 3226 467 3281 sunt
479 3219 588 3292 omnia,
605 3221 747 3298 quaedam
758 3227 871 3281 temere
882 3220 1005 3298 prolata,
1020 3219 1055 3280 ad
1071 3237 1161 3298 quae·

88 3302 216 3363 rendum
239 3302 312 3377 hoc,
335 3321 397 3364 non
413 3303 448 3364 ad
471 3303 659 3366 infitiandum
682 3306 803 3366 inlicere
825 3324 881 3366 nos
903 3304 1004 3380 debet;
1032 3305 1162 3383 denique

89 3388 170 3464 (nam
186 3387 266 3465 quod
283 3387 374 3448 codex
390 3388 552 3468 rescriptus
566 3389 663 3450 hiatus
678 3389 878 3451 Palatinorum
897 3391 1007 3451 multos
1021 3389 1096 3450 tollit
1111 3389 1161 3449 ad·

88 3471 167 3531 ferre
190 3470 277 3532 nolo:
301 3491 361 3533 non
385 3490 508 3553 parrum
529 3474 649 3553 quidem
675 3475 747 3548 hoc,
777 3475 827 3536 sed
849 3475 977 3554 singula,
1008 3493 1069 3536 non
1097 3493 1161 3535 rem

89 3555 184 3634 ipsam
195 3555 301 3636 tangit)
318 3557 447 3636 denique
458 3557 543 3619 video
558 3559 589 3619 in
604 3559 697 3621 titulis
712 3560 842 3621 metricis
858 3580 918 3622 non
934 3560 1061 3621 indoctis
1076 3569 1161 3621 antea

87 3641 207 3718 quidem
223 3641 336 3716 nullos,
359 3641 429 3703 inde
445 3642 481 3703 ab
497 3643 638 3705 lladriani
654 3652 748 3706 aetate
763 3645 926 3724 permultos
941 3645 1037 3706 hiatus
1052 3646 1159 3726 depre-

88 3724 188 3787 hendi.
225 3725 328 3788 Plauto
350 3727 441 3807 igitur
455 3728 568 3791 hiulcas
585 3748 673 3792 voces
694 3749 840 3809 nusquam
855 3730 1035 3804 tribuemus,
1057 3730 1163 3810 procul

88 3809 206 3872 habitos
221 3829 285 3872 esse
301 3811 434 3876 dicemus
452 3832 468 3874 a
483 3814 669 3876 senariorum
685 3815 815 3877 caesuris
830 3817 875 3894 (ao
886 3816 973 3894 plane
988 3815 1102 3877 alienus
1118 3823 1162 3878 est

88 3912 105 3953 a
120 3913 260 3957 caesurae
275 3898 441 3960 trochaicae
458 3908 562 3962 natura
577 3900 696 3976 hiatus),
711 3900 832 3961 minime
846 3901 987 3964 toleratos
1000 3901 1032 3962 in
1048 3919 1161 3964 sermo·

89 3979 136 4041 nis
150 3980 395 4060 interpunctione
411 3991 460 4044 aut
475 3985 638 4047 mutatione
653 4002 860 4066 personarum,
884 3988 1007 4050 tortasse
1021 3986 1162 4049 admissos
