2594 4576
105 229 234 282 scae-u
577 213 731 268 ASINARJA
1148 220 1188 279 55

104 385 198 448 etiam
218 384 355 466 amplius.
399 384 475 445 Dnu.
506 384 579 446 Nam
602 404 662 465 quo
685 385 801 466 usquel
846 388 908 451 Lm.
941 391 1038 470 Vsque
1057 392 1092 454 ad
1108 411 1190 455 mor-

467 477 527 529 tem
542 470 618 532 volo.

106 553 185 616 Dru.
217 553 292 615 Cave
308 554 348 614 sis
363 553 469 614 malam
485 573 558 616 rem.
603 555 665 616 Lm.
695 555 799 618 onris
815 557 891 632 dico,
908 577 968 619 non
987 569 1075 621 tuam.

106 639 186 701 Dru.
216 639 302 700 Dono
317 647 347 699 te
363 637 401 700 ob
417 638 494 700 istuc
509 639 629 714 dictum,
646 650 679 702 ut
694 659 801 720 expers
816 642 855 704 sis
870 651 960 705 nretu.
1100 657 1137 707 44.
1160 657 1189 708 45

106 724 172 786 Lm.
196 723 232 784 Di
246 722 300 784 tibi
316 723 387 784 dent
403 741 607 804 quaecumque
624 733 716 805 optes.
762 726 836 787 ileu.
860 728 961 789 Redde
974 747 1093 808 operam
1105 731 1187 792 mihi.

104 827 164 870 cnr
178 809 236 870 boc
251 826 307 888 ego
323 826 358 869 er
374 818 402 870 te
419 807 581 888 quaeram?
603 819 654 871 aut
669 828 723 871 cur
737 811 859 874 miniter
873 812 927 874 tibi

106 901 270 974 propterea
285 894 365 972 quod
380 912 428 955 me
445 913 506 955 non
522 895 666 956 scientem
681 893 809 957 leceris?

107 987 161 1039 aut
175 996 229 1040 cur
244 987 393 1058 postremo
409 978 469 1039 illio
484 997 683 1052 suscenseam,

106 1072 210 1144 patres
224 1072 257 1124 ut
272 1063 385 1125 iaciunt
399 1062 512 1125 ceteri?
557 1064 620 1125 Lm.
651 1065 728 1135 Quid
744 1065 821 1126 istuc
837 1065 955 1127 novist?
1159 1080 1188 1130 56

107 1147 241 1209 demiror
256 1148 325 1227 quid
341 1149 380 1209 sit
394 1156 424 1210 et
438 1166 497 1227 quo
513 1148 615 1210 evadat
629 1168 695 1211 sum
711 1149 741 1210 in
758 1157 848 1210 metu.

106 1232 186 1294 Dru.
216 1232 361 1312 Equidem
376 1233 437 1295 scio
453 1233 519 1308 iam,
536 1234 613 1296 tilius
629 1233 707 1314 quod
723 1242 801 1295 amet
816 1253 899 1297 meus

105 1317 205 1379 istanc
219 1317 408 1379 meretricem
424 1337 440 1379 e
456 1337 601 1398 proxumo
618 1319 812 1380 Philaenium.

106 1410 194 1464 estne
209 1403 267 1464 boc
282 1412 316 1463 ut
329 1402 406 1477 dico,
422 1401 557 1464 Libane?
602 1404 664 1465 Lm.
695 1403 815 1465 Rectam
831 1404 924 1466 instas
938 1404 1023 1466 viam.

106 1505 144 1548 ca
159 1505 208 1549 res
224 1495 276 1549 est.
306 1489 357 1549 sed
374 1506 442 1549 eum
457 1488 581 1549 morbus
595 1488 700 1550 invasit
715 1489 818 1568 gravis.
1159 1501 1188 1550 65

105 1571 185 1633 Dru.
216 1571 293 1643 Ouid
309 1570 455 1634 morbist‘l
498 1573 561 1634 Lm.
593 1574 668 1644 Ouia
685 1593 745 1634 non
762 1581 927 1654 suppetunt
944 1573 1029 1636 dictis
1043 1575 1119 1636 data.

105 1657 185 1718 bau.
215 1657 301 1718 'luno
317 1676 348 1719 es
363 1658 480 1719 adiutor
496 1676 577 1720 nunc
594 1658 704 1719 amanti
720 1656 802 1718 filio‘l

105 1740 172 1802 Lm.
202 1741 275 1802 Sum
292 1761 371 1816 vero,
387 1751 417 1804 et
430 1743 504 1803 alter
520 1750 624 1804 noster
639 1750 684 1804 est
698 1743 841 1804 Leonida.

104 1827 185 1888 llsu.
216 1827 298 1888 Bene
312 1827 407 1888 lacitis
423 1827 523 1889 bercle
538 1835 568 1887 et
582 1846 597 1888 a
613 1846 659 1889 me
675 1827 756 1889 initis
771 1827 903 1907 gratiam.

104 1930 211 1974 verum
227 1930 321 1973 meam
338 1930 471 1986 uxorem,
486 1912 609 1988 Libane,
626 1913 723 1975 nescis
738 1913 833 1992 qualis
848 1910 908 1974 siti

105 1996 172 2058 Lm.
203 1997 248 2057 Tu
263 1998 377 2077 primus
392 1997 495 2072 sentis,
512 2017 567 2059 nos
582 2006 681 2059 tamen
698 1998 728 2059 iu
745 1998 841 2078 pretio
857 2016 968 2059 sumus.

106 2081 186 2144 Dru.
216 2081 323 2143 Fateor
338 2099 402 2143 earn
417 2100 481 2144 esse
496 2082 690 2162 inportunam
705 2090 794 2161 atque
810 2081 1037 2144 incommodam.

108 2166 174 2228 Lm.
204 2166 355 2229 Posterius
377 2167 453 2228 istuc
475 2168 548 2229 dicis
574 2185 661 2246 quam
686 2167 775 2229 credo
798 2166 860 2227 tibi.

108 2251 186 2315 Dru.
217 2252 328 2314 Omnes
350 2261 498 2333 parentes,
522 2252 644 2327 Libane,
667 2250 768 2313 liberis
790 2251 859 2326 suis,
882 2249 903 2328 †

108 2337 161 2418 qui
184 2337 256 2398 mibi
277 2337 496 2412 auscultabunt,
518 2337 628 2398 lacient
651 2336 851 2416 obsequellam
873 2334 895 2412 †
1159 2343 1189 2394 65

108 2421 234 2507 [quippe
258 2426 309 2501 qul
331 2440 416 2502 mage
438 2423 533 2483 amico
556 2430 678 2484 utantur
699 2430 790 2500 gnato
813 2429 843 2482 et
864 2414 1033 2501 benevolo].

107 2516 199 2586 atque
222 2525 278 2585 ego
300 2526 348 2568 me
371 2507 400 2568 id
422 2508 519 2568 lacere
541 2508 656 2583 studeo,
678 2507 744 2568 volo
766 2505 896 2568 amaria
920 2504 1007 2582 meis;

107 2592 176 2654 volo
199 2596 246 2653 me
269 2593 361 2670 patris
382 2592 441 2653 mei
463 2592 597 2667 similem,
620 2592 671 2672 qui
695 2611 782 2654 causa
805 2609 870 2653 mea

107 2676 279 2747 nauclerico
301 2677 365 2757 ipse
388 2686 495 2738 ornatu
516 2695 572 2757 per
593 2677 736 2738 ladaciam

195 2878 237 2929 44.
256 2879 288 2930 45
307 2878 421 2945 capessis
439 2883 470 2929 ut
484 2879 538 2930 oid.
550 2878 593 2943 13¹,
612 2877 739 2946 expressis
758 2877 783 2929 Ε
860 2876 891 2926 dl
911 2888 961 2926 om.
981 2873 1018 2925 Ee
1092 2873 1125 2924 48
1144 2886 1188 2923 ne·

105 2944 233 2998 scientem
246 2945 271 2996 b
339 2947 415 3012 47sq.
433 2949 547 2998 invicem
565 2949 786 3011 interrogaturus
802 2959 858 2996 non
874 2942 956 3008 plana
973 2943 1125 3005 interrogat
1136 2939 1187 2990 De·

105 3017 253 3077 maenalus,
270 3014 318 3065 aad
329 3015 450 3067 consulto
461 3030 607 3067 sermonem
626 3013 752 3079 obliquat,
768 3017 903 3078 postremo
915 3013 970 3062 iam
983 3025 1011 3059 aa
1021 3009 1091 3059 scire
1103 3023 1186 3059 mun·

107 3084 168 3134 liat.
197 3096 252 3133 aon
262 3086 337 3133 recta
351 3099 419 3149 quae
431 3082 559 3148 leguntur
568 3081 615 3134 Lo
624 3079 714 3148 praef.
725 3080 817 3132 XXIII
825 3085 852 3131 ct
862 3094 928 3130 mus.
941 3075 1074 3140 nuaram,
1085 3077 1133 3128 154

106 3152 140 3202 51
156 3154 220 3215 post
231 3149 299 3203 o.83
317 3152 448 3202 traditum
466 3151 586 3203 hocloco
601 3152 693 3216 posuit
706 3149 852 3200 Acidaliae.
883 3161 987 3198 acreum
1006 3148 1120 3195 testatur
1131 3142 1186 3195 Νο-

105 3220 171 3269 nius
239 3219 273 3270 52
291 3223 318 3268 ct
334 3221 385 3270 boc
402 3220 460 3272 Ioco
479 3223 555 3270 octat
572 3222 598 3268 ct
614 3218 742 3269 ediceret
758 3217 849 3267 vermi
859 3216 892 3267 54
907 3219 971 3279 post
982 3229 1005 3266 o.
1017 3210 1052 3265 83
1069 3213 1117 3276 (iti
1134 3211 1185 3262 iam

107 3284 183 3349 scio).
259 3285 328 3353 quod
346 3291 414 3339 amat
432 3301 512 3352 meus,
530 3288 613 3338 istanc
631 3286 780 3337 Lorenzius
797 3287 825 3336 in
843 3284 974 3335 Bassiani
991 3282 1059 3332 actis
1077 3279 1102 3343 1,
1118 3278 1186 3340 376,-

106 3370 133 3405 v.
147 3353 183 3405 ad
194 3351 228 3404 47
236 3369 275 3418 sq.
346 3357 379 3408 54
396 3355 495 3408 instans
509 3354 583 3407 B¹D¹
652 3355 685 3406 59
703 3352 789 3405 facitis
806 3350 892 3404 hercle
904 3349 1082 3408 Hemonam]
1100 3344 1185 3397 hercle

107 3421 194 3473 facitis
264 3423 297 3474 60
310 3422 360 3474 siet
425 3422 476 3475 scis
494 3421 578 3490 qualis
595 3421 646 3474 siet
657 3422 771 3473 Botdius
840 3420 872 3472 64
886 3417 984 3470 *servis
1053 3414 1079 3464 in
1097 3413 1186 3465 cm.E

106 3489 143 3542 62
161 3488 242 3541 lateat
258 3489 298 3539 D‘
396 3493 437 3544 64.
456 3493 489 3544 65
508 3493 617 3542 tardata
635 3491 701 3541 baec
718 3493 743 3540 ct
760 3488 885 3540 mutilata
903 3501 957 3536 esse
974 3485 1095 3560 (tantum.
1109 3480 1184 3560 obse·

107 3557 240 3624 quentiam
259 3573 313 3623 pro
332 3557 508 3626 obsequellam
525 3559 698 3623 scripserant)
723 3558 793 3608 vidit
809 3555 941 3606 hucboldo
957 3553 991 3617 (o.
1009 3565 1034 3616 p.
1053 3563 1143 3617 quiqui
1161 3563 1184 3601 a.

107 3624 171 3676 mibi
187 3627 191 3689 Ι
207 3639 227 3677 s.
237 3624 256 3677 l.
266 3642 290 3678 o.
299 3625 327 3679 L.
339 3625 374 3691 1.).
404 3629 454 3679 boc
471 3625 530 3688 scra
546 3628 656 3692 flagitat
673 3626 866 3677 sententiarum
884 3635 1016 3673 conexus:
1033 3631 1122 3669 omnes
1140 3631 1185 3683 pa·

106 3696 201 3759 rentes,
219 3692 324 3758 Libane,
342 3693 438 3747 facient
450 3694 545 3761 liberis,
561 3694 566 3762 Ι
582 3694 625 3762 qui
644 3694 678 3745 mi
691 3691 881 3754 auscultabunt,
900 3684 1076 3753 obsequellam
1089 3688 1186 3748 [aman-

107 3760 188 3824 tibus]
258 3764 291 3816 65
309 3761 407 3814 laciunt
423 3761 529 3815 Nonius
546 3765 594 3828 qui
609 3766 724 3813 testatur
736 3757 903 3826 obsequelam
972 3756 1005 3808 66
1023 3754 1072 3806 dcl.
1090 3751 1185 3806 Fleck-

107 3831 229 3892 essenus-
252 3828 375 3891 dcfendtt
390 3830 566 3900 Nicmcycrui
590 3831 606 3883 l.
624 3847 654 3895 c,
678 3833 741 3880 item
760 3827 800 3880 77.
818 3825 860 3880 93.
878 3823 936 3877 250.
954 3821 1014 3876 252.
1032 3822 1084 3875 552

108 3898 140 4017 gl
161 3897 242 3949 amori
259 3897 304 3965 13¹,
322 3913 406 3952 amare
424 3899 475 3950 DL'
561 3901 594 3952 69
612 3897 735 3950 nauderio
753 3894 834 3958 und,
853 3891 983 3946 nauclerio
1001 3891 1096 3958 Lond„
1115 3904 1186 3942 corr.

129 3981 281 4018 amararum
